2316 3866
118 144 183 212 aad
532 159 569 205 nr
588 159 719 207 ιιιιιιι

83 303 85 308 ·
119 301 223 354 namon,
247 284 286 336 ιἰιι
307 290 332 334 ιι
346 289 538 352 usucapione
551 279 771 344 consuetudinum
785 279 1033 336 ecclesiasticum
1046 289 1125 336 codr-

119 345 198 421 cendi
217 370 287 416 sunt.
1025 383 1031 392 ·

178 436 390 502 Βίιιιᾱιιι2.
413 437 450 494 ad
471 437 541 503 boc,
569 445 600 494 ut
629 436 806 492 consuetudo
838 437 938 509 aliqua
962 437 1028 492 vim
1049 409 1124 514 legis

119 519 263 586 obtineat,
297 526 419 590 quatuor
449 517 617 587 praesertim
650 515 830 573 conditiones
861 517 980 586 requiri
1025 518 1123 572 Prima

121 608 176 666 ert,
206 607 239 654 ιι
259 597 436 654 consuetudo
458 597 512 650 illa
533 596 571 650 sit
597 595 795 662 rationabilis,
825 604 853 650 ιι
873 595 949 650 bono
972 600 1121 652 cummuni

119 679 210 737 utilis.
253 677 296 734 Ita
318 677 413 748 capita
434 677 498 730 Erit
519 685 608 731 autem
629 676 677 739 lec,
702 674 778 742 disp.
800 675 827 730 4.
850 682 878 730 et
899 690 952 743 per
973 691 1007 730 sa
1027 684 1117 768 patet:

119 767 152 814 ut
173 760 253 813 enim
270 759 329 812 vim
352 756 423 826 legis
445 753 570 822 habeat,
588 743 760 825 praecipuas
781 761 808 808 et
829 755 921 825 magis
943 757 1119 810 necessarias

119 839 193 912 legis
214 836 368 908 qualitates
384 835 491 890 habere
513 833 827 900 debet31exautem,
849 841 990 904 utsupra
1013 834 1121 892 dictum

121 925 173 986 est,
189 916 275 972 debet
289 929 350 969 asse
366 913 550 970 rationabilis
565 920 593 967 et
607 913 683 968 bono
701 914 846 970 communi
862 913 953 968 utilis.
987 914 1121 970 Secunda

122 1004 176 1062 est,
198 1002 230 1049 ιι
251 1000 379 1062 tempore
401 994 499 1064 aliquo
522 991 660 1050 diuturno
685 991 846 1060 duraverit,
875 1001 908 1046 ut
927 993 1007 1046 infra
1027 994 1123 1063 expli·

120 1073 242 1131 cabitur.
286 1073 402 1142 Tertia,
432 1081 464 1128 nt
491 1087 648 1128 consensus
675 1072 777 1128 saltem
806 1073 910 1126 tacitus
941 1071 1124 1144 legislatoris

120 1169 170 1208 seu
185 1153 329 1246 principis
350 1153 545 1218 interveniat3
578 1160 645 1206 tunc
667 1159 762 1205 autem
776 1151 863 1228 tacite
878 1154 1042 1207 consentire
1058 1168 1125 1206 cen·

120 1242 215 1299 setus,
242 1232 268 1287 si
289 1232 383 1288 sciens
404 1231 489 1286 talem
517 1231 622 1300 populi
643 1245 768 1300 morem,
795 1230 895 1300 illum,
923 1245 989 1284 cum
1012 1239 1121 1302 posset,

120 1311 264 1384 impedire
292 1311 427 1366 noluerit
476 1309 519 1364 lta
548 1312 574 1366 S
604 1310 711 1365 Ductor
741 1325 830 1382 supra
860 1311 891 1362 in
918 1325 994 1382 resp.
1026 1309 1067 1364 ad
1096 1310 1121 1365 3

123 1391 232 1459 Quarta
254 1389 395 1462 denique,
424 1396 456 1445 ιι
477 1388 654 1444 consuetudo
674 1387 729 1442 illa
750 1396 879 1444 servetur
901 1405 917 1442 a
938 1389 1051 1460 populo
1077 1399 1124 1445 aut

121 1471 230 1546 majore
251 1471 334 1525 illius
357 1476 453 1540 parte,
483 1468 566 1538 quasi
594 1485 630 1524 ex
658 1468 849 1538 obligatione,
877 1483 930 1524 seu
959 1484 998 1524 ex
1026 1470 1124 1527 animo

120 1549 349 1608 introducendae
377 1547 580 1620 obligationis,
611 1555 650 1611 ιι,
671 1547 805 1602 observat
826 1548 927 1604 suares
956 1547 1011 1603 lib.
1036 1547 1064 1604 7.
1088 1549 1123 1602 de.

121 1631 187 1700 Leg.
210 1643 273 1696 cap.
297 1631 323 1681 5.
346 1627 422 1682 unda
437 1625 614 1684 consuetudo
636 1624 699 1692 illa,
724 1641 797 1696 quae
819 1627 878 1683 vim
893 1627 967 1700 legis
989 1627 1122 1682 obtinere

121 1713 266 1772 censetur,
296 1705 433 1760 delinitur
462 1704 499 1758 ab
526 1705 638 1760 Isidoro
667 1722 691 1760 c.
714 1707 741 1762 3.
763 1707 812 1776 jus
841 1708 975 1778 quoddam
1004 1708 1123 1760 maridas

119 1787 280 1848 institutum,
303 1785 374 1856 qood
388 1801 443 1854 pro
465 1785 522 1854 tege
543 1787 701 1856 macipt'tar,
725 1803 783 1840 ιιιιιι
803 1787 893 1856 deficit
914 1787 984 1856 tes..

179 1864 206 1920 2.
249 1863 294 1918 Ex
316 1878 372 1934 qno
393 1863 585 1938 intelligitur,
614 1880 702 1935 quare
730 1866 875 1936 plurimae
897 1865 1121 1922 consuetudines
1155 1841 1156 1905 l

119 1943 308 2000 rationabiles
337 1959 371 1997 ιι
391 1943 472 2015 piae,
501 1943 608 2014 etjam
630 1960 646 1998 a
667 1943 804 2000 diuturno
834 1952 962 2013 tempore
984 1946 1118 2011 usitatae,

90 2069 96 2076 .
120 2023 318 2096 superioribus
350 2039 413 2082 non,
437 2022 522 2078 modo
550 2038 606 2078 non
637 2022 920 2093 contradicentibus,
952 2024 1005 2080 sed
1034 2026 1119 2080 etiam

120 2103 360 2173 approbantibus,
382 2103 441 2156 vim
464 2111 558 2168 minen
580 2103 653 2173 legis
671 2119 729 2157 non
751 2103 909 2166 obtineant,
932 2112 965 2156 ut
984 2103 1022 2158 ad
1045 2119 1120 2158 cam·

119 2199 213 2252 panae
234 2184 350 2252 pulsum
373 2177 581 2236 sanctissimam
598 2181 749 2252 Virginem
766 2183 902 2247 salutare,
924 2183 954 2236 in
970 2183 1118 2237 Ecclesiae
1154 2207 1155 2224 ι

119 2263 249 2332 ingressu
272 2276 347 2330 aqua
376 2261 488 2315 lustrali
518 2262 639 2315 frontem
669 2276 819 2334 aspergere
840 2268 892 2316 etc.
916 2263 986 2331 quia
1008 2263 1116 2317 scilicet

119 2340 174 2394 hae
195 2345 224 2393 et
244 2339 319 2394 aliae
341 2339 450 2393 similer
473 2337 696 2398 consuetudines
718 2357 754 2395 ex
779 2341 896 2398 liberali
918 2340 1116 2396 tantummodo

121 2419 220 2476 allecto
244 2427 272 2472 et
293 2418 461 2484 dovotione,
491 2433 548 2472 non
571 2433 639 2473 vero
661 2435 697 2474 ex
717 2421 778 2474 ulla
803 2419 984 2475 inducendae
1008 2421 1116 2492 obliga·

121 2501 209 2553 tionis
232 2497 382 2552 voluntate
401 2497 552 2552 inchoatae
572 2506 643 2556 sunt
661 2511 696 2556 ac
715 2501 929 2554 continuentur.

179 2580 328 2635 Caeterum
350 2585 425 2632 recte
446 2584 543 2632 monet
559 2577 660 2632 Suares
682 2578 734 2633 lib.
758 2579 785 2634 t.
809 2579 844 2634 de
860 2581 926 2652 Lag.
949 2593 1015 2648 cap.
1038 2582 1065 2634 5.
1085 2579 1112 2630 in

123 2657 227 2722 dubio,
256 2671 291 2712 an
314 2656 455 2726 obligatio
476 2672 528 2728 per
549 2658 786 2712 consuetudinem
809 2659 909 2729 aliqua
929 2657 1052 2714 inducta
1072 2659 1116 2722 sit,

120 2739 240 2791 caeteris
261 2735 380 2804 paribus
407 2735 610 2796 inclinandum
640 2738 737 2806 potius
765 2752 825 2790 esse
853 2737 882 2791 in
910 2753 973 2792 eam
995 2743 1113 2808 partem,

122 2812 200 2884 quod
221 2814 399 2872 consuetudo
421 2815 458 2870 sit
475 2813 648 2882 devotionis,
671 2831 755 2889 quam
772 2817 850 2886 quod
866 2817 903 2870 sit
919 2815 1113 2888 obligationis,

121 2893 190 2964 quia
206 2891 294 2962 juxta
313 2894 441 2964 regulam
470 2910 648 2953 communem
671 2895 827 2951 Doctorum
856 2896 885 2950 in
910 2893 1008 2970 ,dubio
1035 2911 1114 2950 nemo

119 2972 314 3044 praesumitur
336 2974 410 3028 vella
425 2973 559 3046 obligari,
583 2989 675 3043 neque
697 2975 815 3046 expedit
829 2975 1021 3046 multiplicari
1037 2991 1115 3046 prae

120 3060 212 3124 cepta,
235 3051 286 3106 ubi
308 3054 453 3106 moraliter
476 3061 552 3108 certa
574 3069 630 3108 nou
653 3062 726 3108 sunt.

180 3131 341 3186 Dicendum
372 3133 398 3186 3.
429 3132 664 3188 consuetudinem
694 3150 751 3188 non
779 3134 867 3189 modo
897 3134 1115 3189 constituendae

118 3211 206 3282 legis,
229 3211 385 3266 sedetiam
408 3209 591 3282 abrogandae
613 3211 671 3266 vim
694 3211 811 3281 habero,
834 3219 864 3266 ut
886 3213 969 3272 docet
991 3213 1018 3268 S.
1042 3213 1116 3266 'l'lto-

121 3306 181 3344 mas
204 3306 281 3357 supr.
304 3296 356 3345 art.
379 3289 406 3342 3.
429 3291 506 3358 quud
528 3289 647 3360 probari
661 3298 754 3362 potest
775 3308 810 3344 ex
832 3307 894 3362 cap.
918 3293 970 3346 ult.
993 3293 1030 3348 de
1050 3308 1116 3346 con-

120 3365 289 3432 suetudine,
316 3369 346 3419 in
364 3383 430 3436 ,quo
453 3367 607 3436 Gregorius
628 3369 676 3426 IX.
699 3371 828 3432 declarat
855 3387 938 3441 posse
966 3379 1115 3427 consuetu·

99 3443 367 3514 xdinerrttaliquum
382 3447 444 3513 juri
459 3449 577 3514 positivo
606 3448 745 3516 (humano
768 3449 890 3521 scilicet)
915 3452 1113 3522 praejudicium

116 3533 262 3589 generare,
292 3524 320 3573 aa·
346 3523 518 3604 rationabilis
539 3525 629 3611 [uerit
659 3538 684 3582 et
712 3530 834 3601 legitima,
854 3533 1046 3602 praescripto:
1079 3544 1112 3582 ex
