2316 3866
90 149 165 230 ’318
392 177 429 221 nr
449 171 597 218 orcsnom
616 171 807 216 rnucnrsrs.

97 302 239 357 hebetare
272 294 349 351 illud
376 301 485 349 eertum
513 299 571 358 est,
595 290 658 362 jorn
680 307 697 345 s
717 291 817 345 multis
845 291 978 345 succulis
1013 293 1130 347 morti-

100 383 188 436 lcrnm
210 387 239 432 ct
265 375 402 431 illicitam
428 387 488 428 esso
516 372 622 428 veteris
650 371 723 442 legis
753 371 1017 437 observationem,
1055 387 1130 426 cum

98 458 223 530 praeisti
244 457 291 512 SS.
309 451 502 523 Hieronymus
521 459 550 505 ct
563 451 743 522 Augustinus
766 449 860 504 citatis
882 449 1045 520 epistolis,
1073 451 1130 506 scd

100 537 268 610 pracsertim
292 533 326 590 11
350 541 379 588 et
401 531 446 586 111.Ι
468 529 501 586 id
522 531 613 585 multo
634 536 699 584 onte
715 535 844 598 tempora
864 545 917 584 sua
940 530 1049 586 fuisse
1075 531 1128 587 do-

100 625 204 672 ccantt
232 617 374 670 imovero
390 613 416 666 S.
429 611 558 680 ignauus
569 607 775 680 Apostolorum
791 609 964 680 discipulus
981 613 1079 681 epist.
1096 611 1126 666 Θ.

102 698 136 751 ss·
156 698 227 769 prsis,
256 694 367 765 inquil,
396 707 453 744 cum
477 689 593 744 Juducis
619 689 736 744 celebrat
757 689 874 753 Porcio,
906 699 960 743 urat
990 691 1124 760 εφηῠοια

93 777 259 847 fistioitotis
280 769 368 826 'corum
389 771 499 839 recipit,
524 770 667 839 particeps
693 775 733 822 ert
757 785 858 833 coruus,
889 771 940 840 qur'
962 769 1124 825 Dominum

104 855 258 910 occiderunt
272 860 297 906 rt
310 849 453 920 Apostolos
474 849 540 920 ejsr.
575 847 662 904 Undc
682 849 840 920 colligitur,
862 849 1035 918 probabile
1061 865 1126 906 csse

99 935 150 1002 11,
179 932 258 1004 quod
285 931 367 986 docel
390 931 491 984 Susrcs
519 927 571 982 lib.
601 927 628 982 9.
657 925 693 981 dc
714 929 781 1000 L'cg.
810 943 834 982 c.
859 927 905 982 18.
934 929 1127 986 viventibm

104 1015 199 1068 adhuc
221 1010 427 1081 Apostolorum
448 1007 643 1079 principibus,
664 1009 808 1064 mosaicae
828 1007 903 1079 logis
924 1007 1128 1066 observatio·

102 1105 169 1147 nem
189 1091 366 1146 mortiferam
381 1103 456 1144 'esna
478 1087 623 1157 coepisse,
653 1102 718 1142 cum
739 1103 796 1142 uua
823 1087 943 1158 quidem
969 1104 1009 1143 ex
1038 1101 1128 1161 parte

104 1173 154 1226 lcx
175 1171 344 1242 evangelica
371 1169 435 1223 urbi
460 1181 534 1238 pena
553 1168 704 1232 universo,
735 1181 768 1220 aa
790 1168 963 1222 nominatim
987 1170 1009 1224 J
1014 1171 1127 1226 udaeis

104 1249 240 1306 omnibus
267 1249 395 1304 diversas
425 1247 503 1301 orbis
532 1246 663 1318 regiones
690 1245 885 1302 insolentibus
918 1254 996 1302 tunc
1035 1252 1128 1306 inno

104 1332 224 1398 tuisset3
256 1345 292 1384 err
313 1328 404 1382 altera
424 1341 492 1380 vcro
512 1325 671 1395 plurimum
692 1327 822 1392 referret,
851 1326 906 1380 hoc
928 1327 1127 1385 christianae

105 1409 256 1482 religionis
271 1415 300 1463 et
313 1407 393 1462 Fidei
414 1405 527 1478 dogma,
550 1419 608 1476 quo
629 1405 679 1458 lex
699 1411 781 1458 setus
796 1406 945 1460 mortifera
970 1410 1126 1474 creditur,

103 1490 143 1542 ab
162 1489 268 1544 iisdem
290 1487 364 1542 tradi
387 1494 415 1540 ot
436 1485 610 1540 confirmari.

464 1823 641 1922 GlPllT
675 1837 734 1922 ill.

136 1975 322 2103 noscas
342 2015 506 2088 manaa
527 2015 808 2103 nummosi
829 1983 1087 2104 praecptis

107 2231 108 2236 κ
165 2201 191 2256 1.
231 2201 354 2258 Nomine
381 2200 515 2272 decalogi
544 2203 725 2272 significatur
756 2203 804 2255 lex
835 2199 937 2254 divina
967 2204 1119 2272 positiva,
1156 2219 1157 2240 ¹

100 2281 200 2334 decem
229 2287 383 2350 praecepta
411 2282 624 2350 complectens,'
648 2297 770 2351 quorum
799 2281 855 2334 tria
881 2281 983 2348 priora
1014 2281 1118 2336 Deum

103 2365 244 2430 spectant,
266 2368 374 2428 septem
386 2372 453 2414 vcro
464 2362 625 2429 posteriora
637 2362 796 2428 respiciunt
805 2360 990 2430 proximum:
1025 2361 1117 2432 cujus

103 2437 221 2510 quidam
244 2438 376 2510 decalogi
392 2447 545 2510 antequam
563 2439 788 2509 explicationem
809 2438 1025 2510 aggrediamur,
1046 2441 1115 2496 duo

100 2519 150 2574 hic
170 2519 255 2574 nobis
278 2517 458 2573 observanda
479 2528 554 2572 sunt.
599 2520 725 2574 Primum
747 2525 802 2584 cst,
825 2521 922 2572 omnia
943 2529 1112 2590 praecepta

100 2599 224 2654 moralis
253 2597 295 2670 (ut
318 2597 400 2652 docet
421 2595 602 2668 S-ngromas
632 2598 655 2651 l.
687 2597 713 2650 2.
744 2605 853 2668 quaest.
885 2597 948 2651 100.
978 2607 1037 2652 art.
1062 2599 1110 2669 3.)

100 2679 244 2732 contineri
267 2679 297 2730 lu
321 2677 459 2746 decalogo
481 2685 529 2730 ant
553 2685 584 2732 ut
604 2678 752 2748 principis
771 2678 802 2729 iu
825 2677 884 2730 sois
905 2677 1112 2732 conclusioni-

102 2755 176 2810 bus:
209 2773 265 2826 qua
287 2757 449 2812 rationein
471 2773 503 2811 eo
525 2759 710 2812 continentur
728 2756 821 2824 prima
835 2755 921 2809 Fidei
942 2756 1108 2825 principia,

99 2835 196 2904 prima
216 2837 285 2889 item
307 2837 456 2906 principia
476 2837 547 2907 legis
569 2845 696 2902 naturae,
720 2843 750 2888 ut
768 2836 855 2888 Deum
876 2837 942 2898 csse,
966 2837 1053 2889 Dsurn
1074 2847 1108 2891 ct

91 2913 249 2984 proximum
277 2931 333 2968 croc
357 2917 545 2988 diligendum
577 2917 644 2972 item
674 2915 764 2981 illud,
792 2916 863 2984 quod
890 2915 940 2968 ctos·
958 2916 1029 2984 ficri
1049 2932 1106 2968 non

102 2994 154 3057 cis,
185 2993 268 3046 alteri
285 3010 318 3046 nc
332 2995 453 3063 fecerim
487 3004 536 3050 sut
558 3005 589 3050 tut
609 2995 811 3049 conclusi-ones
839 2995 999 3064 exprimis
1021 2996 1107 3063 prin-

35 3074 41 3080 ’
98 3071 187 3142 clpiis
216 3072 342 3128 clareat
366 3075 743 3144 proximapromanantes,
773 3081 891 3126 ut'sunt
919 3075 1017 3128 omnia
1046 3075 1109 3127 ior-

99 3153 188 3206 malla
222 3159 376 3222 praecepta
410 3153 439 3204 in
477 3153 614 3224 decalogo
646 3160 798 3217 contcnta3
832 3157 880 3206 aut
916 3158 948 3206 ut
982 3153 1104 3208 conclu-

98 3233 197 3286 siones
235 3230 423 3287 secundarios
462 3247 498 3286 ex
532 3235 634 3302 primis
674 3233 735 3286 illis
775 3232 1015 3286 conclusionibus
1048 3231 1105 3284 de-

98 3310 215 3381 doctus,
244 3319 275 3364 ut
297 3317 364 3365 sunt
385 3313 499 3377 omnin,
529 3323 603 3382 quac
625 3326 661 3364 ex
690 3311 761 3380 ipsis
784 3310 915 3382 decalogi
937 3311 1103 3380 praeceptis

98 3386 299 3458 deducuntur‚·
322 3390 368 3443 vel
391 3405 464 3459 quac
485 3389 522 3443 od
543 3391 597 3444 illa
618 3393 788 3444 referuntur.
834 3392 873 3442 Dc
895 3391 1002 3460 quibus
1021 3389 1104 3442 infra

97 3462 152 3512 crit
181 3467 325 3534 agendum
351 3469 382 3520 in
408 3467 548 3538 cujusque
577 3471 727 3542 praecepti
755 3469 960 3538 cnplicatione.
1004 3469 1101 3534 Quare

96 3538 201 3591 merito
216 3541 275 3595 dici
290 3551 393 3614 potent,
410 3547 508 3614 ipsum
523 3545 694 3619 decalogum
708 3563 770 3606 osse
784 3549 912 3603 omnium
928 3549 1022 3619 legum
1035 3546 1102 3614 cpi-
