2360 3862
121 85 186 154 2'14
441 97 486 140 or
506 68 631 140 tonnus
645 55 794 138 sterteres¹
1157 20 1161 164 Σ

125 221 236 280 dietum
257 221 304 274 Pr.
324 217 375 272 88.
391 224 424 272 et
444 215 627 270 ascensiones
647 214 679 267 in
697 212 787 268 nordo'
799 218 897 268 nostro
911 211 1162 299 disponendos

125 310 159 359 ut
179 301 312 356 videntur
328 299 404 352 Deus
420 295 543 354 Deorum
564 295 596 347 in
617 294 707 348 Sion:
738 293 851 348 ideireo
873 293 1057 348 doetrinae
1078 293 1162 347 theo-¹

127 381 241 452 logione
262 379 333 433 ordo
353 377 497 447 postulet,
525 382 557 428 nt
578 387 655 428 nuno
676 374 755 442 ipsos
782 373 928 428 humeros
965 381 1070 427 ectus
1092 387 1155 426 oon·

123 461 302 525 rideremus,
324 455 591 528 perspicismnsqne
612 453 732 523 quinem
753 461 835 507 octos
855 451 894 506 td
916 437 1164 526 beatitudinem]

121 541 211 598 *illem
242 546 387 594 oeternsrn
419 531 652 604 consequendam
681 533 743 603 epti
770 533 829 590 sint
855 539 886 586 et
913 532 1057 600 idonei,
1089 540 1115 586 et
1141 529 1165 622 Β]

128 626 229 676 contre
251 617 424 689 quibusnam
445 613 560 668 notibus
581 612 618 666 ub
639 611 705 682 ipsu
721 611 904 668 beatitudine
927 609 1166 692 eortseqnendt¹

127 698 362 772 proepediernnr.
436 727 439 734 ,

539 945 670 1066 esron
696 983 720 1064 ι.

159 1173 183 1206 .·
223 1145 293 1218 lle
317 1143 507 1216 ontibus
529 1143 749 1216 humente
774 1143 821 1212 ln
847 1157 1056 1230 genere.

476 1341 708 1453 suerro
750 1382 776 1448 r„

133 1593 136 1602 ,
172 1591 176 1603 ,
234 1587 238 1594 ,
267 1511 350 1586 01¹¹!
367 1513 412 1610 βῆ
429 1513 526 1570 notus
544 1513 710 1570 humanus
727 1511 858 1584 proprie
875 1509 1002 1568 dotus

126 1668 131 1683 ·
193 1644 220 1700 1.
264 1643 484 1699 Observandum
516 1653 559 1700 est
586 1661 623 1698 ex
651 1645 678 1698 S.
709 1643 820 1698 'I'lroms
849 1640 875 1696 l.
903 1640 931 1696 2.
961 1651 1099 1712 quaest.
1130 1641 1156 1698 l.

126 1729 184 1780 ert.
209 1723 234 1777 t.
257 1729 338 1780 entus
365 1723 449 1789 illos,
479 1725 530 1793 qui
558 1724 595 1781 ab
622 1723 739 1778 homine
767 1722 940 1788 eliciuntur,
972 1719 1157 1792 dupliciter

132 1801 257 1875 spectari
277 1817 371 1872 posse,
394 1803 507 1858 scilieet
527 1805 559 1858 in
581 1817 683 1876 genere
704 1809 833 1873 notnroe,
859 1800 956 1872 quood
980 1815 1081 1857 suem
1107 1817 1158 1858 en-

131 1883 244 1938 titatem
257 1882 398 1951 praecise,
421 1883 500 1937 etin
522 1898 624 1954 genere
637 1883 737 1951 moris,
758 1881 1056 1952 quoudlibertntent,
1084 1898 1157 1937 enm

133 1977 192 2034 qne
212 1971 390 2030 exercentur,
413 1972 441 2016 et
462 1962 559 2042 quood
580 1977 703 2032 eaquae
725 1961 884 2018 tundantur
901 1961 933 2014 in
954 1960 1030 2030 ipen
1054 1962 1156 2017 liber-

131 2049 200 2109 tus,
221 2049 253 2096 nt
273 2055 334 2096 esse
355 2057 475 2112 capaces
497 2041 594 2096 leudis
616 2042 663 2095 vel
683 2041 832 2111 vituperii,
854 2039 949 2094 meriti
965 2040 1022 2092 vel
1047 2040 1159 2096 deme·

132 2123 191 2177 riti.
234 2121 330 2176 Priori
350 2120 436 2177 modo
458 2121 595 2177 dicuntur
616 2129 696 2176 octus
717 2114 857 2188 hominis,
872 2119 1053 2192 ¹posteriori
1081 2137 1155 2176 vero

132 2208 213 2257 ectus
233 2201 370 2254 hnmani:
403 2199 481 2256 unde
502 2202 543 2268 fit,
564 2207 596 2255 ut
617 2215 668 2270 per
689 2207 783 2254 aetum
800 2198 926 2254 hominis
947 2199 1159 2272 intelligatur

132 2285 214 2336 totus
230 2279 297 2346 ille,
320 2281 371 2351 qui
386 2279 422 2336 eb
437 2281 554 2336 homine
576 2281 616 2352 tit,
638 2294 812 2350 quoeunque
827 2279 943 2334 tandem
956 2277 1054 2333 modo
1075 2281 1133 2335 liet
1146 2297 1155 2348 3

131 2364 213 2414 entus
240 2373 309 2413 vero
337 2360 482 2417 humanus
507 2359 559 2414 ille
588 2359 715 2427 dicotur,
744 2357 796 2429 qui
823 2360 855 2413 us
876 2359 912 2412 nb
936 2358 1084 2426 homine,
1117 2362 1157 2414 in

133 2444 273 2510 qnantum
293 2437 394 2505 homo,
424 2454 474 2492 een
495 2437 689 2508 inquantum
710 2446 753 2492 ost
772 2431 906 2492 dominus
928 2441 1054 2492 actuum
1079 2455 1158 2494 suo-

132 2533 205 2585 rnm,
228 2517 345 2588 quondo
368 2517 480 2571 scilieet
499 2533 551 2587 per
575 2518 716 2575 rationem
738 2524 766 2571 et
786 2518 962 2574 voluntatem
985 2527 1154 2587 operatur.

131 2596 176 2652 Ae
196 2596 321 2668 proinde
341 2596 501 2653 secundum
523 2598 551 2651 S.
574 2597 707 2652 Dootoris
729 2603 758 2652 et
776 2612 954 2655 communem
969 2595 1155 2670 Theologu-

131 2693 196 2730 rum
225 2677 385 2732 doctrinam
407 2677 444 2730 sd
470 2678 619 2746 proprium
647 2675 874 2732 aetus-humoni
903 2677 1050 2731 rationem
1086 2678 1153 2733 duo

132 2755 339 2822 requiruntur:
371 2756 466 2826 primo
481 2764 512 2809 ut
527 2758 564 2811 sit
577 2757 769 2826 voluntarius,
792 2755 917 2812 secundo
938 2762 971 2811 ut
984 2757 1027 2811 sit
1049 2756 1147 2812 liber.

133 2831 222 2885 Illnm
235 2833 283 2887 hio
299 2835 556 2904 considerabimus,
578 2843 664 2905 prout
682 2836 863 2892 voluntarius
879 2843 940 2900 este
972 2833 1010 2890 de
1033 2837 1150 2892 eodem

131 2925 201 2965 vero
222 2919 309 2981 prout
330 2913 406 2969 liber
427 2922 482 2984 est,
503 2916 534 2970 in
556 2911 687 2986 sequenti
709 2917 836 2971 sectione
857 2931 981 2986 agemus.

192 2990 283 3048 Attus
302 2992 391 3062 igitur
405 2995 586 3063 voluntarius
608 2995 633 3049 is
652 3002 704 3062 est,
724 3005 757 3050 ut
770 3011 807 3050 ex
823 2995 977 3050 Aristotele
990 2992 1021 3048 3.
1038 2993 1150 3050 Euhie.

131 3085 198 3140 nup.
222 3069 248 3125 1.
270 3069 356 3125 donet
371 3073 398 3125 S.
415 3071 609 3138 Demesoenus
623 3074 681 3129 lib„
698 3074 726 3128 2.
747 3075 786 3130 do
800 3074 871 3131 Fide
891 3090 954 3145 nep.
978 3071 1028 3126 ¹4„
1052 3075 1152 3146 eujus

130 3151 312 3223 principium
332 3157 376 3206 ost
395 3153 425 3206 ln
448 3151 512 3223 ipso
534 3162 635 3226 agente
664 3161 854 3226 cognoscente
878 3154 1002 3226 singule.
1048 3153 1153 3208 Unde

131 3232 262 3302 seqnitur
284 3230 322 3286 ed
342 3232 483 3288 rationem
507 3233 666 3290 voluntarii
688 3235 745 3290 duo
766 3235 885 3306 requiri.
927 3233 1061 3288 Primum
1085 3239 1152 3300 est,

129 3316 165 3364 ut
185 3311 325 3381 procedet
344 3328 361 3366 o
382 3313 529 3382 principio
556 3314 733 3383 intrinsecos
764 3315 791 3368 si
819 3315 896 3368 enirn
925 3314 992 3384 quis
1022 3313 1152 3368 inritus

132 3402 172 3440 eo
188 3393 314 3446 renitens
337 3391 373 3446 ab
395 3393 556 3448 extrinseco
571 3399 729 3461 moventur,
752 3401 844 3449 motus
864 3394 917 3450 ille
935 3407 994 3446 non
1017 3398 1064 3446 est
1091 3409 1153 3448 vu-

133 3463 286 3525 luntsrius.
329 3470 493 3526 seeundum
521 3478 578 3538 est,
606 3479 639 3526 ut
657 3473 797 3543 procedet
820 3471 1005 3543 oprinnipin
1027 3487 1153 3544 eogno-
