2314 3874
118 217 181 310 664
352 187 363 208 ⁰
566 235 662 280 nrm

119 409 152 462 V.
187 407 343 478 Explicatur
360 410 486 476 quintum
503 405 630 476 decalogi
646 417 817 475 praeceptum
862 444 869 460 .
942 433 951 460 '-
1024 445 1032 460 .
1064 365 1113 464 ᾖ

153 477 177 546 4.
196 479 219 533 1.
255 477 399 541 Quomodo
420 481 544 544 qulntum
563 478 684 544 decalogi
712 484 884 550 praecepium
911 477 1030 544 intelligi

153 615 220 684 §.2
255 550 507 670 &officim
527 585 756 670 mutilalioueaui
774 584 869 684 ipsine·
1063 546 1111 671 4335

153 687 176 754 t.
195 685 221 742 3.
256 685 300 740 De
318 686 464 740 homicidio
484 687 697 746 stimulatione
717 684 827 738 alterius
862 721 870 736 .
942 722 949 736 .
1021 721 1029 738 .
1062 685 1112 740 437

153 757 176 826 l.
193 755 221 810 4.
256 754 329 819 Quot
347 757 434 809 modis
454 761 579 823 peccetur
599 758 628 808 in
653 757 776 821 quintum
802 754 1028 822 decalogiprae·
1077 793 1079 796 -

291 832 397 892 ceptum
469 856 1027 876 ........
1060 822 1110 878 tto
1151 813 1152 816 ¹

153 894 175 962 §.
193 894 221 950 5.
255 893 299 946 De
317 897 484 948 restitutione
503 893 538 946 ob
558 894 670 948 alterius
688 895 852 948 occisionem
878 895 923 948 vel
948 895 1028 946 rnnti-

291 963 417 1016 lationem
435 963 556 1016 iacienda
626 999 1026 1016 ......
1060 962 1106 1016 441
1148 997 1152 1010 .

116 1044 172 1112 vl?
200 1057 356 1125 Explicatur
375 1065 480 1112 sextum
500 1059 620 1124 decalogi
639 1065 811 1125 praeceptum
859 1095 867 1108 .
939 1096 946 1110 .
1018 1095 1025 1108 .
1060 1056 1107 1111 443

152 1125 174 1196 §.
195 1129 218 1182 1.
254 1125 328 1192 Quid
346 1129 398 1180 hoc
417 1134 492 1180 sexto
512 1135 654 1193 praecepto
675 1128 867 1194 prohibeatur.
940 1164 947 1178 .
1017 1165 1024 1178 .
1060 1127 1108 1180 444

152 1197 174 1266 i·
192 1197 217 1254 2.
254 1195 328 1260 Quot
353 1196 439 1248 modis
465 1202 591 1264 peccetur
614 1199 641 1248 in
665 1204 770 1249 sextum
799 1195 1032 1263 decalogi‘prae:

132 1311 174 1406 14.
192 1335 218 1392 3.
255 1273 397 1402 errldllffi
415 1301 597 1388 restitutiones
617 1299 652 1386 db
673 1303 755 1401 hujus
780 1302 914 1402 praecepti
940 1304 1025 1388 lrnns:
1059 1263 1109 1318 ,ΑΒ

289 1408 457 1472 gressionern
477 1405 687 1458 faciendae.sint
703 1439 1024 1456 .....
1058 1401 1108 1456 tta

118 1505 180 1562 vll.
215 1507 370 1574 Explicatur
389 1510 531 1574 septimum
553 1505 673 1575 decalogi
692 1515 865 1575 praeceptum
937 1545 944 1558 .
1016 1546 1023 1561 .
1057 1505 1105 1560 451

151 1573 173 1644 1.
194 1577 216 1631 1.
254 1575 414 1642 Quidjuric,
433 1578 497 1644 qnid
508 1578 629 1643 justitiae
646 1581 754 1632 nomine
767 1572 976 1644 intelligendum
991 1580 1025 1629 sit
1058 1575 1109 1629 452

150 1645 172 1714 §.
191 1645 216 1701 2.
252 1645 325 1707 Quid
345 1649 379 1698 sit
393 1649 440 1713 jus
461 1645 494 1698 ad
513 1661 582 1712 rem,
601 1651 626 1698 ei
642 1649 687 1712 jus
707 1649 735 1698 in
754 1665 781 1699 re
860 1685 866 1699 .
939 1684 945 1697 .
1018 1681 1024 1698 .
1059 1645 1109 1698 453

150 1713 173 1920 Ξ.
191 1714 216 1768 3.
253 1713 325 1776 Quid
346 1717 380 1765 sit
398 1713 562 1779 dominium,
582 1722 607 1766 et
626 1717 726 1782 quibus
747 1718 870 1780 personis
891 1722 1025 1782 competat
1059 1713 1111 1768 454
1151 1701 1152 1724 ’

165 1782 215 1837 ,4.
251 1783 358 1846 Quibus
377 1784 465 1836 modis
485 1783 632 1836 dominium
655 1787 823 1851 proprietatis
842 1787 995 1851 acquiratur
1017 1822 1024 1836 .
1059 1783 1110 1837 455

165 1851 215 1908 .5.
250 1851 292 1906 De
312 1853 521 1922 praescriptione
545 1889 1023 1907 .......
1059 1853 1111 1906 457

111 1952 117 1964 ,
165 1921 216 1976 .6.
252 1923 294 1974 De
313 1925 492 1975 contractibus
513 1924 540 1974 in
559 1938 657 1988 genere
701 1958 1022 1975 .....
1058 1921 1111 1976 458

165 2029 171 2046 .
190 1992 215 2046 7.
250 1992 294 2045 De
314 1993 558 2060 promissionibus,
576 1992 767 2045 donationibus
784 1998 810 2044 et
828 1993 997 2046 testamentis
1016 2031 1022 2044 .
1058 1991 1112 2046 460

165 2061 215 2116 ,8.
250 2061 293 2114 De
315 2063 450 2128 eruptione
469 2068 494 2112 et
512 2061 667 2113 venditione
695 2073 698 2080 ·
701 2098 1022 2114 .....
1058 2061 1109 2116 463

165 2130 216 2186 ,9.
252 2130 295 2184 De
315 2137 421 2197 mutuo,
440 2128 621 2195 commodato,
641 2130 764 2198 deposito
784 2135 810 2182 et
828 2130 941 2183 locato.
1013 2168 1020 2183 .
1057 2129 1109 2184 466

164 2239 171 2254 .
192 2201 232 2256 10.
269 2199 342 2262 Quid
359 2199 410 2252 hoo
428 2201 541 2266 septimo
560 2199 681 2264 decalogi
694 2206 834 2266 praecepto
848 2201 1022 2266 prohibeatur
1058 2198 1109 2255 467

148 2271 170 2341 i.
191 2270 232 2327 11.
268 2265 341 2338 Quot
359 2268 446 2322 modis
466 2274 592 2338 peccetur
610 2276 701 2322 contra
717 2268 770 2322 hoc
787 2272 931 2337 septimum
945 2271 1022 2324 deoa-

288 2336 342 2406 logi
361 2343 530 2404 praeceptum
543 2374 1021 2392 .......
1057 2337 1109 2392 470

142 2407 230 2476 ’1.12.
267 2407 375 2470 Quibus
395 2409 484 2459 modis
504 2421 600 2464 usurae
619 2414 758 2474 peccatum
779 2409 959 2460 committatur
1013 2444 1021 2459 .
1056 2406 1109 2462 472

147 2479 170 2550 t.
190 2477 229 2533 13.
265 2475 415 2530 Solvuntur
434 2473 565 2544 quaedam
584 2474 666 2528 dubia
683 2479 752 2528 circa
769 2491 867 2530 usurae
881 2479 1020 2530 materiam

285 2547 452 2614 frequentius
473 2547 640 2598 occurrentia
699 2583 1020 2598 .....
1055 2544 1107 2601 476

146 2614 169 2684 §.
190 2614 231 2672 14.
266 2615 308 2669 De
336 2616 505 2667 restitutione
533 2613 567 2666 ob
596 2613 769 2669 violationem
800 2615 882 2682 hujus
910 2617 1021 2684 septimi

284 2687 419 2752 praecepti
437 2683 560 2735 iacienda
613 2721 1019 2736 ......

216 2750 429 2817 Quaestiunculas
450 2754 472 2807 1.
507 2747 640 2815 Quisnam
659 2755 798 2806 restituere
821 2758 942 2807 teneatur
1013 2791 1020 2804 .
1054 2682 1106 2877 Ξ
1148 2777 1149 2872 p

216 2821 327 2886 Quaest.
346 2821 370 2876 2.
409 2821 460 2874 Cui
479 2821 513 2873 sit
531 2823 725 2876 restituendum
775 2858 782 2872 .
853 2861 860 2874 .
932 2861 938 2875 .
1011 2858 1019 2874 .

216 2891 327 2956 Quaest.
345 2891 370 2947 3.
407 2889 495 2956 Quid,
521 2891 628 2958 quaudo
654 2898 680 2944 et
705 2908 759 2958 qno
778 2890 871 2944 ordine
891 2892 925 2944 sit
944 2893 1022 2944 resti·

458 2959 588 3014 tuendum
619 2997 626 3011 .
689 2977 691 2980 ·
697 2997 1019 3013 .....
1055 2957 1103 3016 483

215 3027 326 3094 Quaeri.
344 3029 369 3084 4.
406 3027 545 3093 Quaenam
565 3043 661 3082 causae
682 3031 876 3083 arestitulione
891 3038 1023 3084 excusent
1057 3027 1102 3084 435

110 3133 186 3188 VIII.
221 3134 378 3201 Explicatur
396 3140 519 3188 octavum
540 3133 661 3201 decalogi
684 3139 855 3201 praecaptum
933 3170 940 3184 .
1013 3169 1020 3184 .
1055 3130 1102 3187 486

144 3204 167 3273 §.
188 3204 210 3259 1.
246 3203 447 3260 De‘mendaoio
461 3237 1019 3255 ........
1053 3202 1101 3257 487
1146 3233 1147 3258 r

145 3273 172 3340 §.,
185 3272 221 3328 2..
246 3271 289 3324 De
308 3273 358 3335 iis,
382 3283 451 3338 quae
471 3270 504 3324 ad
522 3287 679 3338 processum
694 3270 852 3342 iudicialem
870 3277 1002 3339 spectant,
1146 3263 1147 3274 ¹

186 3387 219 3458 a·
246 3341 471 3461 „ttulistis
487 3342 580 3406 ’Μ
616 3377 1018 3392 “““““
1051 3337 1099 3463 dl
1146 3367 1147 3402 ³

186 3472 220 3526 4.,
247 3470 290 3522 Ι)ε
308 3475 423 3527 testibus
463 3512 469 3526 .
541 3513 548 3528 .
619 3513 626 3530 .
697 3515 709 3530 ..
776 3515 782 3530 .
855 3514 862 3531 .
934 3515 940 3530 .
1011 3519 1018 3532 .
1052 3477 1097 3532 494

186 3538 210 3588 5.
246 3535 289 3591 De
308 3557 353 3594 reo
381 3575 1017 3601 .........
1051 3543 1096 3602 tat

186 3601 211 3654 6.
245 3601 288 3653 De
306 3605 435 3660 advocato
454 3618 480 3663 et
499 3621 669 3678 procuratore
697 3651 1019 3670 .....
1051 3614 1096 3670 tsi

146 3403 168 3470 t.

145 3471 170 3601 t

132 3601 174 3666 ‘tt
