2384 3868
532 189 571 232 bit
591 189 748 244 ΙΔΗῚΘΜθ.

465 403 697 522 secuto
742 453 817 519 ιιι.

156 584 340 662 Quaenam
366 583 433 643 alut
456 583 739 708 ιιιιιιιιὲιιὲινιιὲιιοι(ιιιιιο
747 581 927 640 collatione
950 581 1123 656 baptismi

163 811 166 816 ·
205 785 231 840 1.
264 784 389 840 >Certum
409 789 468 848 ert,
492 784 668 838 ceremonias
690 781 831 852 quasdam
852 783 1004 853 religiosas
1026 782 1064 838 ab
1087 783 1150 838 Ec·

142 867 233 923 clesia
253 865 285 920 in
306 863 429 918 solemni
451 863 699 918 sacramentorum
721 859 971 916 administratione
991 861 1030 916 ad
1049 862 1153 934 majo-

142 957 201 1003 rem
217 943 383 998 ‘Christiani
402 943 507 1012 populi
529 941 711 997 devotionem
738 941 940 1010 excitandam,
968 942 1051 996 salva
1071 942 1151 997 illo-

141 1039 206 1087 rum
227 1022 389 1078 substantia
406 1021 523 1078 institui
543 1022 687 1091 potuisse,
715 1029 743 1075 et
763 1021 800 1076 de
820 1022 895 1076 iacto
915 1021 1020 1090 pieac
1041 1030 1149 1078 sancte

141 1104 289 1160 institutas
310 1115 387 1167 esse,
412 1101 593 1176 proindeque
614 1101 676 1155 eine
689 1107 815 1170 *peccato
837 1102 995 1166 contemni,
1025 1107 1075 1156 ant
1104 1102 1148 1157 ab

141 1184 272 1254 ipsorum
304 1182 559 1236 Sacramentorum
579 1179 722 1234 Ministris
754 1181 848 1235 omitti
879 1195 933 1250 pro
963 1179 1050 1242 libita
1081 1197 1148 1236 non

141 1274 243 1334 posse,
264 1269 296 1316 nt
318 1275 451 1330 expresse
473 1261 623 1316 delinitum
643 1266 688 1314 cst
708 1259 740 1314 iu
762 1259 848 1314 Cone.
873 1259 1004 1314 Eridani.
1027 1275 1094 1315 sesa.
1116 1262 1146 1316 7.

77 1419 82 1424 “
202 1419 396 1490 Quod-igitur
417 1425 527 1488 spectat
547 1417 586 1472 ad
604 1418 700 1486 ipsine
716 1415 861 1487 Baptismi
881 1419 1077 1487 ceremoniae·
1089 1419 1150 1474 do-

142 1508 187 1558 cet
205 1499 401 1556 catechismus
416 1498 576 1563 Romanus,
598 1513 647 1551 eas
661 1497 699 1550 ad
713 1498 769 1551 tria
784 1498 880 1568 capita
894 1499 1025 1554 revocari
1037 1513 1146 1568 posae3

142 1579 286 1652 quaedam
307 1579 386 1633 enim
405 1577 549 1647 Baptismi
570 1576 755 1632 collationem
778 1575 969 1648 antecedunt,
996 1577 1145 1648 quaedam

141 1660 329 1725 comitantur,
351 1656 494 1728 quaedam
516 1654 740 1726 subsequuntur.
781 1655 958 1726 Praecipuae
979 1658 1028 1712 hic
1046 1672 1080 1713 ca
1094 1673 1145 1712 or-

141 1734 226 1805 dine,
247 1753 306 1808 quo
327 1736 363 1792 ab
384 1736 518 1792 Ecclesia
534 1733 731 1802 adhibentur,
755 1735 953 1792 discutiemus.

198 1817 272 1872 Ac
263 1833 295 1870 m
316 1815 419 1886 primis
440 1822 506 1871 anta
520 1815 663 1884 Baptismi
678 1815 863 1871 collationem
878 1830 955 1886 aqua
970 1819 1143 1887 praeparari

140 1896 261 1964 debet,
270 1909 327 1967 qua
356 1896 455 1952 sola
446 1911 478 1951 ru
496 1895 588 1950 illins
617 1895 867 1952 administratione
885 1895 931 1950 uti
951 1897 1065 1951 licitum
1087 1903 1141 1952 est.

141 1979 331 2034 Consecratur
352 1982 447 2032 antem
466 1974 651 2044 baptismalis
673 1975 737 2030 lons
757 1975 848 2030 ratiis
861 1975 999 2046 precibus
1014 1981 1044 2030 ct
1057 1989 1142 2032 exor-

140 2057 238 2112 cismis
258 2055 295 2110 ab
316 2054 449 2113 Ecclesia
470 2055 627 2122 institutis,
652 2053 750 2109 addito
774 2055 1051 2113 catechumenorum
1073 2056 1141 2111 oleo

138 2153 219 2194 sacra
242 2136 412 2204 chrismate,
429 2134 517 2206 juxta
534 2135 664 2206 priscum
677 2133 825 2191 Ecclesiae
846 2134 1078 2206 moremfcujns
1098 2143 1142 2190 te·

138 2213 191 2272 stis
212 2222 255 2270 eat
274 2216 302 2270 S.
314 2215 479 2286 Cyprianus
501 2215 586 2284 epist.
602 2214 649 2268 70.
671 2222 701 2268 et
722 2215 751 2268 S.
765 2214 892 2274 Basilius
906 2214 1011 2269 lib.--de
1027 2214 1140 2284 Spiritu

138 2301 262 2362 sancto5¹
277 2309 347 2364 ¹cap.
363 2295 410 2350 27.
439 2310 525 2365 qaam
554 2292 786 2348 benedictionem
813 2310 864 2349 seu
894 2295 1141 2350 consecrationem

140 2391 231 2446 aquae
258 2373 441 2444 baptismalis
468 2373 639 2444 invigiliis
669 2371 810 2426 duntaxat
829 2373 957 2428 Paschae
982 2389 1014 2428 ac
1035 2373 1139 2428 Pente·

140 2463 231 2510 ocstes
259 2453 421 2508 faciendam
452 2467 512 2507 esse
538 2451 623 2506 docet
645 2453 848 2508 Catechlsmns
862 2453 943 2508 Rom.
966 2462 996 2507 ct
1014 2453 1141 2509 habetur

137 2549 202 2605 cap.
226 2535 254 2586 in
275 2531 395 2586 Sabbata
417 2531 453 2586 de
474 2532 608 2585 Causeer.
630 2531 695 2586 dist.
712 2532 739 2586 4.

198 2613 258 2666 Hac
284 2610 489 2667 benedictione
516 2623 609 2680 aquae
637 2613 803 2680 supposita,
834 2612 884 2681 qui
905 2611 1054 2680 Baptismo
1080 2613 1139 2666 ini-

139 2693 233 2747 tiandi
254 2699 336 2757 sunt,
359 2689 543 2746 adducuntur
564 2689 602 2744 ad
623 2691 771 2746 Ecclesiae
792 2693 883 2757 iores,
907 2690 1051 2760 atque-ab
1072 2691 1137 2762 ejus

138 2772 259 2828 introitu
280 2779 416 2841 tanquam
439 2768 570 2840 indigni,
597 2777 698 2840 utpote
723 2771 774 2841 qui
795 2769 890 2827 adhuc
910 2769 1048 2839 potestati
1069 2770 1138 2826 dae·

137 2852 232 2910 manis
252 2866 305 2920 per
325 2857 473 2920 peccatum
494 2851 651 2920 mancipati
673 2857 755 2915 sunt,
782 2849 985 2905 excluduntur.

198 2929 226 2984 2.
266 2930 304 2984 Et
329 2931 425 3000 primo
449 2929 588 2984 Sacerdos
614 2930 719 2983 trinam
743 2930 969 2984 lusuiilationem
985 2935 1017 2982 'et
1036 2929 1137 2984 varios

139 3010 313 3068 exorcismos
335 3009 455 3064 adhibet
475 3010 513 3064 ad
534 3008 738 3078 expellendum
761 3007 945 3076 daemonem,
968 3024 1058 3079 coque
1072 3010 1137 3064 ritu

139 3088 256 3161 (quiin
275 3087 408 3145 Ecclesia
429 3090 647 3159 antiquissimus
669 3088 727 3160 est)
745 3105 800 3142 aaa
821 3079 1000 3152 exoraretur,
1014 3097 1070 3142 'out
1086 3107 1137 3144 ec-

138 3170 268 3241 sufflator
288 3175 413 3224 meatum
433 3169 488 3222 Dei
506 3171 537 3221 ia
559 3167 708 3238 infantibus
729 3165 776 3236 (ut
796 3169 837 3224 ait
858 3169 885 3222 S.
900 3169 1022 3240 August.
1037 3167 1091 3222 lib.
1108 3169 1135 3224 1.

136 3250 172 3306 de
195 3249 293 3320 Symb.
316 3249 353 3302 ad
375 3248 490 3303 Catech.
513 3263 576 3318 cap.
594 3245 637 3320 i.)
657 3249 706 3302 red
727 3249 786 3311 illc,
808 3249 856 3302 aab
878 3265 929 3319 paro
949 3257 1010 3302 arat
1035 3265 1135 3312 amaea,

136 3330 183 3401 poi
203 3347 261 3384 caea
275 3338 390 3399 peccato
410 3336 564 3381 noscantur.

194 3408 302 3463 Eadem
324 3407 409 3464 etiam
432 3407 542 3462 ratione
563 3407 676 3477 siguum
698 3407 792 3460 crucis
808 3407 972 3464 efformatae
989 3407 1020 3462 in
1034 3405 1134 3478 bapti·

135 3488 338 3544 zandi'ironte
360 3486 483 3556 aliisque
503 3487 651 3556 partibus,
679 3492 712 3541 nt
739 3502 791 3556 per
810 3485 888 3541 illud
910 3484 1031 3541 daemon
1053 3501 1133 3540 conr·

134 3575 268 3628 mscatur
282 3581 437 3636 omnesque
450 3564 511 3638 ejus
522 3565 672 3621 machinae
684 3563 889 3635 dissolvantur,
904 3565 982 3638 quod
993 3565 1134 3621 observat
