2348 3868
375 183 413 230 nn
432 183 642 234 nmmum·
948 165 1009 236 lid

36 301 202 371 condiendt3
226 317 319 374 aequa
332 304 394 358 cina
407 304 561 376 sacrilegio
575 302 672 360 dividi
692 311 742 360 aut
756 302 905 362 dimidiari
923 319 1008 377 poeta

37 383 240 451 confaaioncm,
265 383 307 440 its
332 391 364 437 ut
390 381 534 454 quaedam
560 390 679 453 paccata
703 385 769 451 uni,
798 385 911 456 reliqua
939 401 1007 442 vano

36 464 114 517 alteri
134 463 269 516 Sacerdoti
288 461 480 530 declarentur,
502 479 568 520 cunr
585 463 657 519 lnaao
671 463 780 520 divisio
801 471 829 519 at
843 464 1007 522 dimidiatio

35 543 207 598 confesionis
227 543 382 615 integritati
403 541 467 613 ajtts
485 549 634 614 repugnet,
655 555 709 598 nec
722 543 816 614 possit
835 559 925 602 unum
941 559 1008 614 pao

35 629 124 678 catum
142 622 252 676 mortale
274 623 336 678 siue
357 622 421 676 alio
437 624 556 678 remitti.

84 699 242 771 Requiritur
255 700 288 756 ed.
310 708 342 758 ut
351 703 515 774 ,poenitent
533 717 681 758 numerum
694 708 878 772 occulamus
891 717 1007 758 sacrun

31 781 164 848 exprimat
173 783 184 848 ς’
212 795 302 850 noque
331 783 409 836 euim
436 781 506 836 satis
534 789 591 848 est,
619 788 652 836 ut
679 783 746 852 quis
764 799 802 836 -v.·
823 799 850 854 g.
879 780 958 838 dicat
977 795 1008 838 aa

31 859 169 914 multoties
185 859 239 915 talo
251 866 402 931 peccatum
424 861 610 928 commisisse,
631 861 690 916 nisi
705 861 817 932 quotins
831 861 1008 916 commiserit

30 939 168 1008 explicet:
205 939 281 1010 qnod
316 946 412 994 tamon
455 935 501 1010 (ut
534 947 610 994 recto
649 949 747 998 mouet
781 940 1006 996 Gammachaaut

32 1032 95 1086 cap.
121 1015 161 1072 tt.
185 1017 218 1074 da
246 1019 325 1074 decr.
353 1017 466 1080 Poenit.
494 1033 523 1088 p.
555 1017 595 1092 l.)
624 1035 683 1074 noa
711 1021 927 1088 mathematice,
955 1019 1008 1076 aad

29 1097 166 1152 moraliter
187 1097 409 1170 intelligendum
437 1105 493 1164 est,
522 1113 573 1154 scu
601 1106 739 1168 quantum
761 1099 798 1153 ab
822 1100 886 1171 ipso
907 1101 1008 1169 poeni-

30 1181 102 1232 tente
126 1178 183 1230 ficri
208 1184 310 1248 potest.
353 1177 441 1233 Unda
468 1178 591 1246 suflicit,
618 1185 651 1232 ut
677 1179 828 1247 poenitens
856 1193 1007 1234 numanum

30 1256 106 1310 illurn
125 1265 300 1326 peccatorum
321 1265 457 1327 exponat,
484 1259 535 1328 qui
555 1264 621 1327 post
641 1257 786 1314 satiatem
808 1272 929 1312 examen
950 1272 1008 1312 ma·

29 1337 127 1391 moriac
146 1339 284 1392 occurrit:
313 1337 421 1392 imo-ai
440 1337 570 1407 praeciae
597 1351 655 1390 non
684 1337 865 1403 recordatur,
895 1336 1007 1407 quotics

30 1421 162 1484 uocatum
183 1415 303 1487 aliquod
324 1417 482 1483 commisit,
504 1415 575 1474 satis
596 1423 653 1483 est,
675 1422 707 1474 ut
726 1417 819 1483 dicat,
842 1421 872 1471 aa
892 1415 1008 1470 circiter

32 1495 103 1548 toties
124 1495 186 1564 plns
213 1497 347 1552 minusve
375 1502 524 1565 peccatum
550 1495 629 1550 iliud
657 1496 851 1572 commisisse:
882 1494 1008 1566 quodsi

32 1573 296 1644 frequentissimam
316 1575 395 1630 iliud
415 1576 515 1646 lapsus
535 1576 583 1642 ait,
605 1575 707 1633 saltem
728 1582 839 1646 tempus
854 1575 1005 1644 exprimat,

32 1651 149 1724 dicatque
175 1673 203 1708 v.
235 1671 261 1726 g.
288 1669 320 1708 sc
348 1654 387 1710 ab
412 1655 578 1710 annotare
607 1655 736 1725 qnotidie
765 1655 812 1709 vei
838 1656 950 1724 pluries
974 1655 1007 1710 in

30 1747 190 1804 unoquoquo
215 1733 262 1788 dia
290 1733 487 1804 blsaphemiae
520 1733 690 1802 protulisse,
726 1741 776 1789 ant
802 1749 855 1804 per
881 1749 1007 1791 mensam

30 1811 181 1868 inimicitiae
203 1827 268 1868 cnm
289 1813 390 1883 aliquo
410 1813 541 1886 genitae,
564 1812 646 1884 cujac
668 1813 780 1884 quoties
800 1813 1009 1870 recordabatur

31 1887 107 1960 (quod
126 1893 293 1964 smpissimc
311 1899 342 1948 et
361 1906 534 1963 quacunque
556 1891 623 1946 data
647 1890 936 1964 accommodabat),
965 1898 1007 1946 to·
1118 1916 1120 1921 ·

29 1971 70 2024 ties
88 1985 118 2029 se
136 1973 229 2037 illius
241 1971 411 2039 occidendi,
440 1979 489 2026 aut
505 1971 635 2042 aliquod
658 1971 741 2026 aliud
764 1974 875 2030 malum
894 1971 942 2026 illi
962 1971 1007 2026 in·

29 2050 125 2105 ferendi
158 2053 338 2116 voluntatem
376 2066 538 2106 renovasse.
588 2047 631 2106 Ita
667 2051 746 2108 idem
765 2047 1006 2108 ,communicans

28 2144 106 2198 cupra
130 2131 250 2187 Telefus
271 2130 324 2186 lib.
348 2129 376 2185 ds
399 2146 461 2200 cap.
484 2130 512 2185 t.
534 2131 637 2186 etalii
658 2129 855 2186 communiter.
883 2179 885 2184 .
942 2180 945 2184 .

75 2209 287 2282 acquisitura.
310 2217 345 2266 ut
362 2211 512 2281 poenitens
527 2211 765 2276 circumstantias,
788 2222 861 2280 quae
882 2207 1007 2278 speciem

29 2291 121 2355 peccati
140 2295 274 2356 mutant,
292 2290 324 2344 in
340 2291 526 2345 confessione
548 2289 691 2346 declarat:
714 2289 756 2346 fid
775 2296 832 2356 est,
861 2303 935 2360 quae
955 2303 1006 2352 no-

27 2381 80 2422 ram
97 2370 226 2446 aliquam
240 2369 455 2427 deformitatem
474 2370 570 2440 spacia
585 2369 766 2424 differentem
778 2371 809 2422 iu
831 2376 925 2426 actum
940 2383 1008 2438 pac-

29 2449 74 2500 cati
91 2449 242 2516 inducunt,
255 2463 314 2503 ¹sau
329 2463 402 2518 quac
416 2451 571 2519 specialem
586 2449 797 2520 oppositionem
811 2446 920 2504 habeut
941 2462 1006 2501 cum

28 2525 157 2596 aliquibus
180 2528 248 2583 aliis
266 2529 432 2598 praeceptis
452 2535 503 2582 aut
525 2529 703 2586 virtutibus-c
729 2545 757 2580 v.
781 2544 807 2598 g.
830 2527 855 2581 si
876 2527 942 2596 quia
962 2526 1006 2579 iu-

31 2611 90 2660 ratus
109 2609 197 2666 luerit
216 2622 277 2663 rem
298 2622 424 2676 sacram,
447 2623 496 2662 scu
516 2608 606 2662 sacris
628 2607 727 2663 unibus
749 2611 952 2672 consecratam,
970 2610 1006 2664 ut

30 2685 149 2756 calicem3
182 2689 208 2742 si
235 2687 396 2744 fornicatus
421 2687 566 2742 fueritin
587 2688 773 2753 incusantur
806 2687 830 2741 ai
857 2685 1004 2742 hominnm

29 2757 156 2834 occiderit,
180 2768 231 2838 qni
253 2766 490 2822 esset'Saccrdos.
524 2767 559 2822 ln
579 2768 679 2836 primo
696 2766 773 2820 enim
794 2781 861 2820 casu
884 2763 1005 2824 circum·

29 2845 119 2898 stantia
135 2847 177 2901 rai
198 2848 275 2900 furto
297 2845 421 2914 ablatae,
444 2848 474 2900 iu
496 2844 624 2900 secundo
645 2845 862 2900 circumstantia
882 2845 950 2913 loci,
971 2845 1004 2898 in

29 2922 100 2976 antio
124 2926 339 2982 circumstantia
353 2940 497 2996 ¹personae
524 2925 640 2980 inducit
667 2939 772 2980 novam
792 2925 1004 2982 deformitatem
1075 2929 1078 2933 '

31 3002 109 3069 specie
134 3005 323 3060 differentem
339 3005 385 3058 ina
398 3005 493 3075 ipsam
521 3004 662 3059 actionem
689 3005 775 3072 furii,
804 3003 1004 3060 fornicationis

30 3081 201 3140 ctiomicidii
222 3084 347 3154 proinde
367 3083 400 3138 in
415 3084 601 3140 confessione
621 3082 797 3141 declaranda
818 3090 869 3140 eet.

76 3160 100 3216 l.
131 3165 245 3222 suflicit
266 3171 361 3218 autam
382 3159 477 3234 (quod
491 3169 568 3232 necta
581 3171 677 3222 monet
691 3161 917 3221 Gammachaaue
934 3162 1002 3232 ¹loco

34 3235 80 3310 cit)
103 3241 138 3296 ad
158 3243 311 3300 euitandas
339 3243 559 3312 perplexitates,
589 3243 621 3296 in
650 3258 722 3313 quaa
749 3255 888 3312 personae
908 3239 1001 3294 laicae

35 3313 164 3389 tliquando
186 3325 347 3388 incurrunt,
369 3323 531 3378 nescientes
549 3336 689 3392 quaenam
709 3321 770 3376 sint
789 3321 859 3376 illae
880 3322 1001 3374 circam·
1099 3391 1102 3398 .

36 3400 145 3473 madae,
166 3418 242 3474 quac
261 3401 372 3472 specics
393 3403 505 3472 peccati
525 3408 650 3468 mutant,
672 3407 722 3457 ou't
742 3399 886 3470 quomodo
907 3397 1001 3468 cipli-

36 3477 231 3538 itiidabeanta
262 3480 386 3548 suflicit,
414 3483 549 3551 inquam,
577 3488 609 3534 ut
630 3478 774 3550 ejusmodi
801 3475 1000 3546 personoead

34 3545 206 3620 Ptenitentiaa
227 3562 441 3618 Sacramentum
463 3559 630 3617 accedentes
645 3559 721 3612 nihii
742 3557 858 3614 omuino
880 3557 1001 3618 natitant
