2316 3866
404 209 441 252 nr
460 208 592 254 aramus.
936 194 999 262 353

27 331 87 384 illins
107 329 258 400 obligatio,
287 327 336 384 vel
356 329 539 399 interpretari
561 329 607 384 vel
630 328 802 399 emendare3
836 349 902 387 cnm·
922 335 997 388 enim

25 407 57 481 (ut
74 407 146 464 idem
168 408 309 478 declarat)
332 416 411 462 actua
434 410 562 476 humani,
591 410 626 463 de
649 410 756 484 quibus
777 412 825 464 lex
846 414 945 480 fertur,
966 413 997 466 in

25 487 199 559 singularibus
218 487 452 558 contingentibus
468 490 637 554 consistant,
661 503 733 560 quae
755 488 862 544 variari
877 502 999 562 possunt

23 569 123 621 intuitis
150 583 239 638 prope
268 566 377 630 modis,
413 574 484 638 qnos
513 569 663 638 legislator
692 568 860 637 praevidere
887 573 998 641 nequit,

24 647 147 716 quicum
168 647 199 700 in
220 645 339 700 terenda
361 647 424 718 lege
440 660 618 701 communem
642 656 751 716 spectet
771 648 936 716 utilitatem,
958 651 998 704 ad

22 725 219 795 idpracsertim
248 726 386 792 attendit,
416 725 493 798 qnod
521 727 551 779 in
582 727 717 798 pluribus
747 727 877 782 accidere
906 730 995 784 solet:

22 804 76 858 hinc
94 805 133 869 dt,
163 814 194 860 ut
216 806 311 876 aliqui
333 819 416 858 casus
438 819 587 860 occurrere
611 809 739 876 possint,
768 807 799 860 in
822 807 928 878 quibua
949 809 997 863 lex

23 885 76 951 ipsa
92 883 208 949 deiciat,
229 886 271 938 ita
292 890 324 939 ut
344 885 511 938 nouaclum
532 893 599 940 tnnc
620 887 703 940 nulla
724 887 761 941 sit
783 886 819 940 ad
839 888 922 942 illam
938 902 996 942 ser-

25 961 124 1016 eandam
134 959 295 1034 obligatio,
319 963 369 1017 sed
385 979 419 1016 ne
437 963 555 1033 quidem
577 963 638 1036 ejus
653 965 817 1022 observatio
839 966 921 1021 licita
942 969 995 1022 sit:

26 1056 45 1094 c.
64 1059 83 1110 g.
101 1041 156 1110 lex,
186 1059 260 1114 quae
278 1042 378 1113 jubet,
405 1049 437 1096 ut
458 1042 590 1112 deposita
616 1045 816 1112 restituantur,
840 1045 922 1117 justa
943 1056 993 1113 ert,

26 1127 46 1172 et
64 1129 140 1176 tanen
162 1123 328 1192 contingere
349 1129 444 1192 potest
468 1122 642 1194 aliqnando,
671 1132 703 1176 nt
724 1123 856 1190 proditor
884 1126 932 1179 vel
953 1129 997 1180 fn-

25 1199 97 1253 riosns
116 1219 191 1255 arma
213 1201 347 1272 deposita
368 1209 513 1270 reposcat,
539 1197 592 1255 ille
614 1201 650 1255 ad
671 1201 782 1272 patriae
802 1204 1005 1273 impugnatio-⁴

26 1293 86 1347 nen,
110 1281 153 1335 lric
182 1282 221 1335 ad
249 1281 294 1334 sui
322 1281 369 1333 vel
397 1281 515 1335 alterins
542 1295 661 1348 necem,
694 1284 724 1334 in
747 1277 853 1352 quibus
881 1282 997 1337 casibus

25 1359 179 1414 manifestum
202 1369 260 1425 est,
284 1360 495 1415 restitutionem¹
514 1359 654 1430 depositi,
679 1363 810 1433 quamvls
832 1361 894 1432 lege
915 1375 996 1430 prae-

26 1437 144 1506 scriptam,
165 1440 359 1493 nihilominus
382 1455 441 1494 esse
463 1447 562 1494 contra
584 1441 722 1494 rationem
747 1455 778 1494 ac
792 1440 915 1510 proinde
938 1439 998 1494 illi·

27 1515 108 1570 citam:
139 1534 229 1590 qnare
250 1533 366 1573 necesse
395 1527 437 1572 est
458 1527 540 1583 tuno,
570 1519 662 1590 legem
684 1519 766 1572 illam
789 1521 836 1574 vel
857 1517 997 1588 interpre-

27 1596 66 1647 tari
82 1595 314 1664 rel‘emendarc,
341 1597 515 1668 legislatoris
537 1599 633 1668 potius
655 1605 778 1652 mentem
801 1614 886 1668 qnam
908 1599 999 1653 verba
1056 1667 1057 1674 ἵ

28 1677 165 1742 sequenda:
197 1677 268 1730 hino
284 1677 464 1730 Caelestinus
474 1671 560 1747 'Papa
581 1692 643 1746 cup.
672 1677 816 1732 Humanae
838 1679 925 1744 aurea,
948 1677 995 1733 ΒΞ.

27 1762 108 1819 quaest
130 1759 157 1810 tr.
200 1755 265 1810 Non
285 1757 369 1820 debet,
391 1758 497 1826 inquit,
525 1759 623 1828 aliquia
644 1757 726 1812 uerba
748 1753 927 1824 considerare,
951 1761 1005 1822 sed,

29 1831 168 1888 intentionem
185 1851 225 1889 'ac
245 1837 418 1899 voluntatem,
450 1837 514 1908 qaia
534 1853 587 1888 aon
609 1837 684 1890 debet
707 1841 820 1891 intentio
839 1837 926 1892 uerbis
949 1839 997 1890 de-

27 1913 110 1977 servire,
130 1917 180 1968 aod
198 1917 281 1968 uerbo
303 1917 453 1976 intentioni}
495 1915 583 1972 Porro
610 1915 732 1970 intentio
755 1927 782 1970 et
802 1917 936 1970 voluntas
957 1917 998 1969 le-

29 1989 145 2056 gislatoris
166 2003 225 2050 tum
249 2006 285 2048 cx
306 1995 546 2066 materia‘lepis,
572 2005 632 2049 turn
654 2011 690 2048 ex
718 1993 846 2066 ejusdem
876 1998 997 2050 circutu-

29 2073 124 2138 stantiis,
145 2081 203 2128 turn
220 2076 389 2142 praesertim
406 2068 544 2128 cx‘illius
567 2075 622 2128 tine
644 2073 671 2128 e't
687 2073 788 2140 'causa
810 2089 859 2128 scu
878 2075 996 2138 ratione,

28 2145 54 2198 ob
70 2165 142 2220 quam
164 2153 213 2207 lex
236 2157 300 2224 ipsa
321 2147 381 2207 lata
403 2163 458 2221 est,
479 2153 608 2225 intelligi
628 2154 742 2224 poterit.

299 2397 555 2494 ‘usuario
592 2397 667 2488 VII.
715 2389 718 2396 ’

51 2509 93 2570 An
107 2519 372 2594 muneratione
389 2518 596 2576 commando
614 2519 684 2576 vtm
701 2518 787 2588 tagla
806 2515 965 2572 abanan.
1023 2601 1026 2610 Ἰ

76 2631 95 2683 1-
129 2635 252 2690 Nomine
280 2635 499 2690 consuetudinis
527 2635 574 2706 (ut
603 2636 733 2706 explicat
755 2635 781 2688 S.
806 2625 925 2702 Ductor)
955 2635 1005 2710 ιιι-Ι

33 2705 144 2780 colligitur
164 2717 326 2785 frequentia
348 2716 439 2770 libore
469 2716 630 2784 operandi3
663 2713 762 2769 eodem
784 2711 869 2768 modo
892 2721 919 2766 et
941 2713 999 2770 alio

33 2791 122 2845 nominc
134 2796 297 2866 appellatur
312 2811 371 2848 mos
386 2793 499 2865 populi,
524 2795 554 2848 id
570 2804 611 2846 cst
626 2802 705 2847 actus
719 2791 815 2862 palam
832 2800 859 2845 et
880 2791 1000 2862 publice

35 2863 208 2935 frequentatus.
252 2875 295 2927 De
317 2875 525 2928 consuetudine
548 2883 641 2926 autom
665 2889 697 2926 eo
720 2871 804 2926 modo
825 2871 976 2928 intellecta

82 2945 225 3008 Dicendum
249 2950 274 3007 1.
297 2951 535 3007 consuetudinem
564 2950 722 3024 aliquando
752 2954 811 3005 vim
833 2952 906 3024 legis
928 2951 1003 3007 obti-

34 3035 84 3078 nere
99 3045 182 3097 posse.
219 3033 263 3086 lta
279 3033 305 3086 S.
323 3033 428 3087 Doctor
453 3033 477 3085 1.
499 3033 528 3084 2.
552 3040 660 3101 quaest.
684 3031 807 3085 tiuare.
829 3031 856 3086 3.
880 3039 907 3085 et
925 3039 1003 3100 patet

34 3113 58 3152 0¹
74 3120 118 3161 usu
137 3113 281 3166 communi
303 3119 361 3166 turn
385 3111 680 3184 rerumpublicarum,
712 3119 770 3166 tum
801 3115 885 3164 etiarn
907 3109 1001 3176 ipsius

35 3175 169 3258 Ecclesiae,
202 3199 312 3247 constat
343 3192 434 3258 enirn,
468 3192 497 3243 in
530 3191 619 3244 variis
653 3192 747 3260 regnis
776 3198 803 3242 ct
831 3187 1015 3262 provinciis,

36 3255 75 3314 imo
93 3273 116 3319 et
135 3270 162 3324 in
184 3272 248 3340 ipsa
269 3269 401 3324 Ecclesia
421 3271 549 3340 plurime
575 3277 690 3339 recepta
712 3283 786 3334 esse,
817 3274 844 3319 et
864 3273 1005 3334 tanquam

38 3335 168 3411 obligantur
188 3349 352 3415 observari,
383 3361 456 3420 qnae
477 3357 571 3405 tamen
594 3347 675 3402 nulla
688 3347 759 3417 lege
780 3343 920 3416 positiva,
951 3341 1003 3398 ssd

37 3416 80 3471 nola
104 3428 302 3485 consuetudine
337 3423 502 3482 introducta
534 3431 619 3480 sunt:
653 3422 729 3478 unde
762 3425 788 3477 S.
821 3423 1004 3498 Augustinus,

40 3495 150 3561 illiti-86.
160 3508 195 3562 ad
204 3508 394 3562 Cassianum:
418 3509 487 3571 Mos,
499 3507 605 3577 inquit,
609 3505 708 3574 populi
714 3503 768 3556 Dei
777 3512 802 3556 et
813 3501 936 3556 instituta
942 3521 1003 3558 ma·
1098 3529 1100 3537 a

35 3570 102 3635 joram
112 3599 156 3652 pro
170 3587 225 3656 leae
239 3597 300 3642 suat
316 3586 438 3648 tenendo,
458 3595 482 3639 et
496 3587 565 3638 sicut
573 3586 812 3653 praevaricatores
825 3577 916 3652 'tequam
930 3577 1007 3636 atat-

57 3665 131 3732 Mt,
144 3681 237 3724 mantra
252 3681 383 3744 tinnulam
413 3680 440 3720 ll.
544 3731 548 3737 ‘
566 3691 572 3696 “
636 3731 639 3736 ,
795 3657 836 3722 23
