2384 3868
141 153 184 224 64
503 175 541 219 nr
566 173 771 219 nocumenta

142 298 213 364 erit,
236 311 272 350 ae
286 309 383 367 ‘grana
403 295 458 350 illa
478 294 575 365 specle
596 309 613 349 a
633 295 730 350 tutico
753 292 871 352 diversa
891 293 923 347 in
944 294 1176 352 tam'modica

141 375 314 447 quantitate
332 373 466 428 adhibita
498 375 570 441 sint,
600 379 632 428 ut
657 375 743 443 panis
767 371 930 432 seeundum
956 389 1172 429 communem

141 455 368 512 aestimationem
397 454 526 508 triticeos
555 454 666 507 censeri
686 453 793 524 possit,
822 453 869 508 vel
889 454 920 507 in
942 460 1000 508 tam
1022 468 1184 525 magna,

140 542 174 591 ut
202 535 269 588 talis
296 533 416 588 minime
444 540 602 588 censeatur.
654 531 687 586 In
716 533 811 603 primo
839 549 906 587 casu
934 533 988 586 erit
1015 535 1170 588 materia

140 616 289 672 sufficiens
317 613 557 676 consecrationis,
586 614 617 665 in
646 608 773 668 secando
800 628 858 668 oon
879 612 950 680 erit3
978 619 1167 669 esttamen

141 709 254 764 semper
281 693 422 762 optimum
451 699 480 746 et
507 691 684 760 reverentiae
700 692 780 760 ‘huic
808 695 990 760 decremento
1021 690 1167 749 debitae

142 771 462 838 convenientissimum,
494 778 526 826 nt
552 771 636 841 panis
658 771 868 828 consecrandus
890 787 927 826 ex
946 786 1019 841 puto
1045 771 1167 830 tritico

141 849 205 910 aine
225 853 288 908 ulla
308 867 460 922 granorum
482 851 649 920 quorumvis
672 850 851 908 admixtione
870 851 1052 906 conficiatur.

129 955 154 972 ν
201 932 228 988 3.
272 929 405 988 Secunda
426 936 483 996 est,
512 929 794 986 adconseerationia
815 928 996 986 validitatem
1016 933 1167 1002 requiri,

139 1019 173 1068 ut
191 1011 277 1082 panis
298 1009 350 1064 ille
371 1009 499 1064 triticeus
521 1009 558 1062 sit
579 1016 792 1081 coagmentatus
813 1025 850 1065 ex
870 1021 946 1080 aqua
960 1010 1164 1080 elementari,

142 1099 171 1148 at
183 1091 280 1146 calore
293 1089 371 1160 ignis
387 1095 555 1155 consectus,
577 1101 636 1142 non
655 1103 725 1160 ¹vero
746 1091 839 1145 frixus
854 1099 903 1144 aut
917 1089 1020 1144 elixos.
1056 1091 1166 1147 Unde

140 1185 234 1242 neque
255 1185 349 1224 massa
369 1169 482 1222 farinae
502 1168 632 1223 nondum
647 1169 713 1243 igne
734 1175 831 1237 cocta,
853 1182 947 1238 neque
970 1169 1057 1238 panis
1077 1171 1159 1240 ille,

141 1251 193 1324 qui
221 1265 258 1304 ex
285 1249 371 1304 melle
400 1255 450 1301 aut
467 1247 580 1318 »butyro
603 1257 677 1302 esset
696 1257 926 1320 'coagmentatum
955 1254 1005 1302 ant
1032 1248 1159 1319 frixus,

139 1331 188 1386 vel
209 1329 303 1384 elixus
326 1326 391 1397 (qui
413 1343 468 1382 non
486 1325 549 1398 jam
576 1327 677 1395 panis,
709 1327 760 1383 sed
779 1330 885 1398 potius
913 1329 1051 1398 placento
1082 1329 1157 1385 dici

140 1403 290 1478 deberet),
312 1407 457 1461 sufficiens
479 1405 565 1476 hujus
580 1405 765 1462 Sacramenta
785 1409 905 1464 materia
922 1421 982 1461 esse
996 1415 1157 1478 censetur,

141 1495 172 1546 ut
192 1487 328 1559 pluribus
348 1485 454 1554 probat
474 1485 648 1540 Isombertus
671 1492 722 1541 art.
739 1487 765 1541 d.

200 1567 298 1622 Tertia
325 1570 381 1632 est,
411 1579 516 1633 panem
542 1565 743 1622 fermentatum
771 1567 809 1620 ad
836 1563 1018 1620 validitatem
1050 1567 1154 1640 hujus

140 1645 317 1704 sacramenti
338 1643 484 1710 sulficere,
507 1645 538 1697 ln
561 1643 677 1699 decreto
697 1653 792 1700 tamen
808 1645 932 1716 Eugenii
950 1646 1154 1704 coustitutum

139 1727 245 1792 fuisse,
267 1731 299 1778 ut
320 1723 445 1793 quilibet
465 1723 605 1778 Sacerdos
622 1725 836 1780 Eucharistiae]
857 1726 888 1779 iu
909 1736 985 1794 pane
1005 1725 1069 1781 aive
1085 1727 1152 1781 fer-

138 1811 282 1870 mentato,
303 1804 364 1856 sive
386 1817 489 1873 azymo
511 1803 661 1872 conficiat,
679 1803 766 1875 juxta
780 1803 1022 1860 consuetudinem
1037 1805 1150 1862 Eccle-

138 1887 199 1942 siae
226 1898 310 1950 suae3
339 1881 416 1936 unde
443 1883 589 1954 sequitur,
618 1881 801 1938 Sacerdotem
826 1897 959 1957 maecum
978 1885 1009 1938 in
1033 1882 1148 1956 graeca

137 1964 271 2020 Ecclesia
289 1963 570 2032 panetermentato,
600 1964 722 2018 latinum
750 1978 818 2020 vcro
838 1964 871 2018 in
890 1961 1023 2018 Ecclesia
1043 1965 1148 2020 latina

137 2059 195 2099 uon
217 2042 275 2100 nlsi
296 2057 399 2112 azymo
422 2043 464 2096 uti
486 2041 598 2097 debere.
642 2042 726 2110 Quod
746 2042 865 2114 quidem
889 2035 1147 2113 praeceptumde

137 2139 213 2196 pane
235 2137 339 2192 azymo
360 2121 557 2178 tantummodo
579 2120 618 2176 ad
639 2123 848 2177 conficiendam
869 2123 1083 2178 Eucharistiant
1110 2127 1145 2179 in

138 2211 198 2259 tota
218 2203 349 2258 Ecclesia
371 2202 463 2256 latina
484 2201 651 2258 adhibendo
673 2201 745 2256 ad'eo
760 2203 857 2258 stricte
872 2201 1011 2274 obligare,
1034 2206 1146 2260 asserit

137 2282 215 2338 idem
244 2281 418 2336 lsambertus
446 2288 498 2334 art.
514 2283 541 2336 5.
563 2289 595 2337 ut
616 2297 652 2335 ne
673 2281 791 2352 quidem
813 2283 844 2335 iu
866 2297 935 2336 casu
955 2283 1144 2340 necessitatis

138 2361 284 2420 existimet
299 2361 481 2416 Sacerdotem
501 2361 625 2414 latinum
646 2362 676 2414 in
694 2377 771 2430 pane
786 2363 954 2416 fermentato
969 2369 1146 2418 consecrare

137 2443 218 2498 licite
245 2456 348 2512 posse3
377 2439 455 2510 quod
483 2439 588 2510 probat
608 2454 645 2493 ex
666 2441 759 2509 capite
785 2441 877 2494 bineli
902 2447 984 2496 extra
1005 2441 1040 2494 de
1063 2444 1144 2497 eele-

136 2521 269 2577 brotione
291 2520 460 2584 Missurum,
489 2515 541 2572 ubl
561 2517 717 2587 Sacerdos,
743 2521 845 2590 quiin
867 2533 945 2590 pone
963 2521 1142 2578 fermentato

137 2603 369 2665 consecraverat,
391 2597 513 2667 punitur
537 2597 627 2651 oflicii
642 2597 823 2668 depositione
837 2607 864 2656 et
880 2601 1034 2656 amissione
1048 2600 1143 2658 bene-

137 2681 214 2747 ficii,
238 2679 369 2750 quamvis
391 2677 605 2732 excusationem
627 2678 806 2733 necessitatis
827 2685 1014 2748 praetexeret.

197 2759 226 2812 4.
269 2759 376 2824 Quarta
397 2763 455 2824 est,
476 2757 506 2828 in
527 2755 597 2811 vino
619 2757 713 2811 adhuc
735 2766 867 2813 contento
888 2761 917 2812 io
935 2760 1015 2826 uvls,
1037 2768 1089 2814 aut
1106 2761 1139 2814 in

137 2840 207 2893 vino
230 2853 279 2892 seu
300 2838 414 2907 liquere
435 2851 471 2890 ex
487 2837 556 2894 ¹uvis
578 2837 707 2890 noudum
728 2839 848 2894 maturis
876 2853 1011 2908 expresso
1041 2837 1139 2910 (quod

136 2925 248 2989 agresta
268 2931 317 2971 seu
346 2915 540 2983 omphacium
557 2915 687 2986 vocetur)
719 2919 961 2972 consecrationem
992 2916 1139 2974 dominici

136 2995 287 3070 sauguinis
315 2994 415 3048 valide
443 2995 505 3048 fleri
527 3011 584 3050 non
605 3011 705 3067 posse,
735 2997 809 3051 sicut
830 3013 882 3052 nec
903 2999 934 3052 in
955 3004 1053 3065 aceto,
1085 3007 1138 3054 aut

137 3076 205 3131 vino
228 3076 363 3141 decocto,
384 3074 465 3144 quod
486 3073 629 3129 defrutum
652 3075 768 3130 dicitur.
810 3075 901 3131 Ita'S.
914 3075 1015 3130 Ehem.
1038 3085 1092 3131 art.
1107 3081 1137 3133 5.

137 3155 173 3210 ad
195 3155 296 3210 sets.
339 3155 375 3208 Et
403 3155 476 3209 ratio
504 3162 561 3221 est,
591 3156 660 3224 quia
686 3155 757 3210 haec
783 3157 879 3210 omnia
898 3155 1046 3225 propriam
1067 3157 1138 3212 viui

137 3236 277 3290 rationem
298 3249 355 3288 non
378 3233 502 3300 habent,
532 3240 563 3287 ut
583 3249 636 3304 per
656 3249 685 3288 se
706 3243 800 3304 patet,
830 3243 858 3288 ct
880 3247 1014 3306 expresse
1035 3235 1138 3290 decla·

137 3323 216 3370 ratur
236 3315 267 3368 in
289 3313 413 3368 rubricis
435 3313 578 3380 Missalis,
600 3312 652 3367 ubi
672 3313 759 3368 etiam
777 3315 900 3384 dicitur,
922 3314 1010 3385 quod,
1032 3331 1138 3385 quam-

137 3394 182 3446 vis
210 3394 386 3448 consecratio
414 3392 512 3446 valide
540 3394 590 3446 dat
617 3394 647 3447 ia
670 3401 763 3448 musto
785 3410 834 3448 seu
855 3397 923 3449 vino
945 3403 1074 3448 recenter
1095 3411 1135 3448 ex

136 3475 202 3527 uvis
225 3489 288 3530 cum
310 3473 439 3530 foecibus
469 3487 620 3542 expresso,
649 3480 698 3527 out
725 3474 755 3526 in
781 3474 850 3528 vino
879 3480 1042 3542 acescente,
1072 3487 1135 3528 nou

137 3559 231 3608 temler
251 3554 367 3625 penitus
388 3551 491 3620 acido,
512 3551 545 3606 id
566 3553 851 3610 tamcnrreverentioe
866 3553 1137 3622 sanctissimohnic
