2316 3866
419 133 457 178 nn
480 135 609 182 sectans
944 115 1013 201 oco

40 253 118 306 alen
136 255 275 323 primatum
303 255 422 315 obtinere
450 256 616 328 omniumque
637 255 823 310 Ecclesiarum
849 257 903 315 Del
931 265 1011 334 caput

40 335 146 388 asistere.

93 411 218 466 Probatur
235 411 263 466 3.
287 426 325 466 ex
347 413 374 466 S.
396 411 552 470 Ambrosio
582 415 611 467 in
638 429 701 484 cap.
723 413 750 468 3.
776 414 801 468 l.
824 413 861 470 nd
883 413 1009 468 Timoth.

36 491 99 544 Cum
116 500 176 544 totta
196 490 319 563 (inquit)
341 493 455 546 mundus
473 489 528 546 Dei
547 495 591 562 ait,
614 503 702 546 tamen
723 495 815 548 domus
836 494 893 562 pua
913 493 1014 548 Eccle-

32 572 72 622 ein
101 571 197 636 dicioar,
226 571 300 640 majus
329 571 407 639 indie
434 581 521 626 rector
548 573 704 638 Damnem
735 583 763 628 et
791 589 831 626 ex
857 573 882 627 S.
912 573 1013 628 Hiero-

33 663 116 718 nymo
141 651 222 720 epist„
245 649 281 703 ad
310 651 636 719 eundemDamasum:
669 651 730 722 Epo
760 645 884 725 (inquit)
912 653 1012 706 nullum

24 729 137 796 primun
154 730 203 782 nisi
224 729 358 784 Uiriatum
379 747 498 802 sequena,
522 731 683 788 dealdudini
703 742 772 796 tuae,
799 733 828 786 id
848 740 895 796 eet.
918 731 1035 798 catie-v

30 809 98 860 dnae
115 807 179 863 Petri
202 809 371 880 consocium
388 827 470 880 cuper
497 811 571 866 illam
586 821 695 883 petram
723 812 892 882 aedificatam
912 805 1011 864 Ecclc-
1111 867 1118 878 p

31 888 102 941 aiam
125 889 169 940 ecio
198 897 246 944 etc.
279 891 428 962 quicunque
459 900 544 946 tecum
574 907 627 944 non
656 891 770 961 callipit,
801 891 950 962 disperpit;
982 895 1010 942 et

33 965 60 1017 S
85 965 215 1035 Prospero,
238 969 364 1022 carmine
391 969 426 1022 de
447 970 588 1040 ingratis:
609 960 705 1024 Sedes
726 971 813 1024 Roma
833 971 916 1034 Petri,
940 985 1008 1039 puae
1040 1037 1044 1042 Ι

25 1047 161 1112 pastoralis
180 1047 287 1100 lanaria
301 1047 384 1117 facta
405 1058 485 1118 caput
505 1050 602 1103 mundo
624 1058 672 1104 etc.

85 1122 110 1177 2
146 1124 304 1179 Dicendum
327 1125 353 1180 2.
377 1128 405 1180 ln
428 1129 548 1193 materia
567 1127 648 1182 Fidei
669 1129 793 1196 aliisque
815 1126 910 1192 rebus,
933 1141 1006 1195 quae

29 1202 65 1255 ad
79 1218 160 1256 moces
181 1213 208 1258 et
229 1203 418 1274 disciplinam
434 1204 659 1263 ecclesiasticam
675 1206 828 1277 pertinent,
848 1204 1009 1259 Romanum

29 1280 181 1337 Pontificem
202 1299 263 1337 esse
284 1300 426 1339 summum
447 1285 641 1355 legislatorem
662 1294 689 1340 et
706 1283 846 1356 judicem.

83 1361 151 1415 Haec
175 1364 299 1429 veritas,
326 1363 629 1433 qnaeindubitanter
656 1363 693 1420 ab
723 1364 856 1419 omnibus
885 1359 1009 1416 tenenda

28 1447 74 1505 est,
95 1439 252 1496 evidentius
272 1444 432 1512 camelius
456 1444 645 1508 demonstrari
667 1459 723 1500 non
740 1451 843 1513 potest,
866 1456 955 1512 quem
974 1456 1009 1499 ex

26 1519 150 1572 continua
171 1513 254 1590 praxi
284 1522 372 1592 totins
393 1522 560 1590 Ecclesiae,
588 1525 619 1578 in
648 1539 706 1594 qne
734 1521 767 1576 id
795 1527 959 1578 constanter
981 1527 1008 1576 et

28 1598 147 1670 religiose
167 1607 311 1656 servatum
333 1608 384 1666 est,
406 1603 580 1672 capuanos
595 1604 718 1661 oriretur
740 1600 933 1664 controversia
954 1599 1009 1654 ali·

28 1691 76 1745 qna
94 1677 138 1732 vel
159 1677 316 1734 difficultas
337 1681 368 1734 in
389 1682 510 1739 materia
524 1680 614 1749 Fidei,
636 1691 687 1741 aut
702 1681 736 1736 in
758 1679 844 1736 :ebus
863 1677 901 1734 nd
915 1694 1007 1746 mores

26 1767 49 1807 et
67 1756 249 1826 disciplinam
271 1759 496 1815 ecclesiasticam
511 1761 721 1830 spectantibus,
743 1761 826 1814 toties
844 1759 1007 1829 apostolica

26 1834 94 1888 sedes
109 1837 320 1910 consuleretur:
354 1837 435 1909 cujus
452 1839 493 1895 rei
508 1839 610 1895 Fidem
625 1840 736 1908 fpciunt
750 1841 902 1894 innumera
915 1852 1006 1906 prope

26 1928 157 1982 responso,
178 1925 301 1986 statuta,
324 1915 439 1986 deciate
460 1917 654 1978 Romanorum
677 1919 863 1985 Pontificum,
886 1932 922 1974 ex
945 1916 1008 1985 qui·

26 1990 70 2046 bos
90 2003 181 2048 totum.
197 1998 285 2053 ferme
302 1995 379 2066 juris
399 1999 535 2060 canonici
551 2013 656 2066 corpus
670 1999 824 2058 condatum
843 2005 892 2050 est
904 2039 907 2046 ,
922 1993 1007 2052 Unde

25 2086 122 2126 summe
149 2089 213 2128 cum
242 2077 353 2135 tatione
367 2076 559 2133 Innocentius
582 2077 690 2148 Papa
681 2093 711 2132 ιι
739 2077 821 2146 epist.
845 2075 882 2128 ad
904 2073 1004 2126 Patres

28 2150 100 2205 tono.
123 2154 254 2224 Cart.hag
285 2170 357 2224 quae
387 2157 463 2208 intct
490 2157 718 2228 Augustinianas
747 2162 927 2219 numeratus,
958 2151 1004 2204 ll.

26 2227 98 2284 dicite
128 2232 192 2304 Non
212 2235 340 2298 lemano,
369 2235 423 2294 sed
438 2236 530 2290 divina
558 2237 692 2291 decretum
721 2252 778 2290 eoae
800 2234 944 2298 sententia,
976 2240 1003 2296 ut

24 2311 140 2382 quioquid
160 2315 195 2368 da
208 2313 348 2382 disjunctis
363 2313 524 2384 remotisque
539 2317 691 2384 provinciis
704 2321 851 2384 operetur,
861 2331 914 2368 non
922 2313 1004 2382 princ
1079 2356 1081 2362 ,

24 2383 80 2455 (alii
98 2391 237 2460 Episcopi
259 2400 287 2448 et
306 2391 455 2446 Ecclesiae
478 2391 642 2465 Praesules)
671 2395 796 2451 ducerent
821 2411 877 2447 eoae
898 2393 1003 2461 finian-

23 2467 84 2532 dnn,
111 2488 193 2542 quam
212 2471 250 2528 ad
269 2471 409 2528 Romanae
429 2474 502 2528 aedis
522 2474 645 2528 notitiam
660 2475 828 2544 perueniret,
855 2471 929 2539 cujus
951 2485 1003 2521 an-

23 2546 140 2614 ilaritate,
149 2551 228 2619 juata
239 2568 308 2620 quae
315 2552 405 2621 fuerit
414 2555 609 2621 pronunciatio,
618 2554 797 2622 firmaretur-,·
819 2559 847 2604 et
857 2549 940 2618 epist.
953 2545 1000 2600 93.

26 2623 57 2676 ed
73 2627 164 2684 Patres
180 2629 307 2684 Concilii
322 2631 506 2686 Milevitani:
538 2632 698 2700 Dillpcnter,
721 2631 827 2700 inquit,
849 2639 874 2681 et
888 2642 1003 2696 cottprue

24 2709 151 2772 apostolico
166 2710 305 2778 consulitis
319 2710 433 2768 lenoni.-
464 2712 565 2776 donari,
589 2714 704 2781 inquam,
728 2711 807 2772 illiue,
830 2725 906 2777 poem
915 2722 1004 2778 prae·

27 2790 58 2834 tcr
75 2787 123 2851 illa,
145 2805 215 2858 quae
236 2797 297 2844 awo
311 2792 482 2858 extrinsecae,
504 2791 654 2844 sollicitudo
672 2797 760 2842 monet
774 2787 890 2842 omnium
903 2785 1002 2842 Eccle-

25 2863 117 2930 sianun,
137 2884 219 2938 cuper
233 2869 323 2924 anulis
337 2853 416 2922 radus
430 2886 498 2940 quae
512 2871 548 2924 sit
562 2870 677 2924 uuanda
690 2869 841 2922 sententia:
873 2870 1001 2938 antiquae

23 2941 109 2999 aciliut
127 2948 242 3017 repulae
251 2947 373 3018 foratam
392 2951 488 3012 secuti,
517 2965 597 3018 quam
618 2957 671 3003 toto
692 2965 797 3020 semper
818 2949 881 3004 orbe
902 2964 1002 3004 mecum

25 3025 91 3076 tostis
109 3043 165 3083 ease
194 3036 329 3090 senectam
351 3037 399 3081 'etc
421 3031 550 3092 seientes,¹
579 3029 650 3098 quod
662 3046 718 3098 per
739 3046 828 3090 putueo
843 3029 1002 3098 prouinciae

25 3100 206 3172 deapoetolico
219 3106 300 3174 sonte
315 3109 469 3176 petentibus
490 3125 620 3176 responsu
641 3125 745 3178 aetnper
757 3117 1001 3173 ,emanent‚·prac-

24 3183 94 3236 lentim
113 3186 218 3259 puote'ea
233 3185 312 3238 Fidei
332 3187 402 3240 ratio
425 3187 575 3240 ventilatur
612 3186 696 3253 Quod
717 3187 804 3243 etiam
825 3187 932 3254 optime
953 3197 1002 3239 ex-

25 3259 125 3324 plicavit
154 3264 185 3318 S
215 3265 380 3320 Bernartius
407 3268 489 3336 epist
513 3265 560 3319 90.
589 3266 627 3321 ad
654 3265 853 3324 Innocentium
882 3261 918 3316 11
947 3259 1001 3315 nbi

26 3337 232 3398 sicPontilicem
246 3344 424 3414 alloquitur
460 3345 570 3414 Oportet
591 3346 627 3402 ad
641 3355 757 3398 vestrum
776 3343 875 3418 referri
890 3349 1001 3410 aposto-

26 3415 88 3474 latum
100 3423 238 3493 pericula
250 3438 378 3494 quaeque
393 3435 417 3480 et
437 3425 569 3478 scandala
596 3425 758 3504 anapaesta
782 3423 811 3474 in
831 3437 913 3492 capno
934 3419 996 3484 Det,

24 3505 45 3548 0²
63 3505 218 3568 praesertim
252 3520 322 3578 quoe
357 3505 390 3564 de
424 3503 490 3562 Fide
528 3505 702 3576 uaniloquum
741 3502 850 3576 dignum
885 3517 998 3576 numque
