2384 3868
153 194 195 261 78
516 211 554 254 na
578 195 783 256 mansuaria

155 361 157 364 ·
216 330 367 426 obiiciunt
378 329 406 384 2.
420 331 549 386 Verbum
565 326 938 401 (Traussubstaatiatiouis)
953 344 1015 384 noa
1031 332 1186 399 reperiri

154 429 186 468 111
208 412 433 560 slicerggltlltrtletan
452 459 548 559 ‘aeque
570 490 656 544 etiam
677 489 707 542 iu
730 485 785 542 illa
805 489 926 558 reperiri
948 487 1087 544 verbum
1110 509 1186 544 coss-

153 571 351 634 suistontials'r,
375 569 454 640 qnod
475 570 638 624 Concilium
659 567 778 622 Nicaea.
795 567 821 622 1.
842 568 882 622 ael
903 567 1012 622 Christi
1040 569 1186 626 Domini

154 661 287 706 naturam
311 649 439 706 divinare
461 648 665 719 explicandam
687 647 855 716 usurpavit3
879 661 975 717 usqae
992 648 1113 704 ullum
1140 661 1185 706 ta

153 746 218 786 men
248 729 430 785 catholicum
458 728 493 782 de
520 730 642 782 veritate
668 743 721 796 par
749 726 968 784 verbann‘iilud
987 728 1185 798 significata

1 795 2 804 '
91 819 94 825 ·
155 809 306 875 nestram
329 809 353 861 si
371 808 462 878 igitur
483 805 614 862 Ecclesia
634 809 665 862 ιιι
688 807 819 861 conano
840 807 894 861 suo
915 807 1123 865 tarseorum
1150 827 1184 866 sc

154 905 266 944 summ
287 903 350 941 curn
372 888 483 942 ratione
504 887 640 954 illecti,
668 900 720 940 our
746 885 847 942 estem
867 885 997 942 Ecclesia
1027 888 1080 941 in‘
1097 891 1185 945 Con·

154 969 226 1024 oilie
255 967 386 1022 Lateraa.
409 965 536 1022 Floreat.
565 973 596 1022 ot
615 965 744 1020 Trident.
767 964 807 1020 ad
823 965 1029 1020 liuciniitiae
1055 971 1186 1024 verita

155 1055 212 1102 tem
232 1047 398 1116 expressius
420 1043 641 1117 significandam
663 1051 691 1102 et
716 1046 753 1100 sb
774 1045 920 1101 erroribus
940 1044 1185 1106 vindicandam

152 1127 232 1182 idem
252 1124 398 1198 praestari
420 1140 477 1180 non
497 1118 613 1195 potuit‘l
637 1165 639 1170 .

600 1281 626 1354 ι.
648 1283 700 1337 111.

153 1391 336 1462 Explicantur
363 1389 496 1461 quaedam
517 1389 689 1460 disjicaltates
715 1390 788 1443 circa
811 1384 1181 1449 staassabetantiationem

214 1472 346 1542 penitet
367 1471 423 1523 aiat
443 1471 471 1522 in
494 1467 595 1522 Christi
615 1469 726 1552 Domini
747 1485 843 1540 copas
864 1471 889 1522 e't
909 1471 1091 1540 sanquinem.

215 1601 241 1657 i.
283 1601 382 1655 Prima
402 1608 459 1666 est,
482 1599 555 1670 quid
575 1601 614 1654 sit
633 1602 750 1668 proprie
771 1600 826 1657 ilia
841 1599 1180 1674 amministratum),

153 1689 181 1736 et
208 1679 354 1751 quomodo
381 1679 510 1751 intelligi
538 1679 651 1734 debeat.
700 1679 825 1734 Omissis
850 1679 940 1734 variis
964 1687 994 1734 et
1024 1683 1181 1750 prolixis

85 1758 88 1767 '
153 1776 239 1830 super
259 1761 314 1814 hac
334 1760 506 1814 difficultate
522 1759 733 1831 Theologorum
754 1757 1002 1828 disputationibus
1023 1759 1182 1820 brevitor

150 1840 291 1906 dicimus,
315 1839 678 1895 Transsubstsntiatisnem
700 1839 785 1908 panis
800 1839 831 1892 in
846 1853 950 1908 eorpus
965 1839 1088 1894 Christi
1106 1859 1182 1898 non

151 1935 214 1976 asse
234 1921 327 1990 ipsius
349 1919 478 1988 corporis
499 1919 609 1974 Christi
628 1918 848 1974 substantialem
861 1917 1099 1988 productionem
1117 1931 1180 1979 aut

150 2000 350 2064 mutationem,
370 1997 405 2054 id
425 2005 482 2065 est,
505 1999 614 2054 Christi
628 1998 747 2054 Domini
762 2013 866 2068 carpus
880 2013 931 2068 par
945 1997 1031 2054 illam
1047 2000 1181 2058 Trans-

136 2077 422 2136 'substsntiationsm
442 2078 479 2132 tle
498 2093 575 2133 novo
596 2093 653 2132 non
675 2076 815 2148 produci,
844 2093 898 2132 nec
917 2073 1181 2140 substantialiter

152 2157 274 2225 mutari„
303 2167 353 2214 ant
376 2159 512 2214 localiter
539 2159 665 2223 moueri,
694 2156 745 2212 sed
771 2173 825 2226 per
850 2160 911 2212 vim
938 2165 969 2212 et
988 2157 1180 2219 efficaciam

150 2239 377 2294 sustentationis
398 2239 478 2305 ieri,
495 2245 533 2293 ut
553 2237 702 2294 desinente
722 2243 783 2292 tata
801 2238 887 2307 pasis
907 2236 1078 2294 substantia
1101 2258 1181 2298 (ιω.

96 2309 97 2317 ’
149 2334 206 2390 pus
225 2319 353 2385 Christi,
376 2316 453 2388 qaod
475 2325 518 2372 est
537 2319 569 2372 in
588 2318 689 2383 eaelo,
712 2318 777 2371 sine
792 2316 856 2372 ullo
874 2323 956 2372 'nasto
977 2317 1085 2385 locali,
1116 2329 1180 2378 aut

151 2397 309 2453 mutatione
330 2398 377 2452 sui
395 2397 599 2466 substantiali,
617 2397 678 2468 jam
702 2411 763 2450 esse
783 2397 907 2466 incipiat
925 2393 983 2452 aab
994 2399 1179 2466 speciebus

149 2478 244 2548 ipsius
264 2479 367 2548 penis3
390 2489 484 2546 nequo
505 2477 599 2530 solum
616 2475 674 2530 snb
695 2476 757 2529 illis
771 2478 811 2530 sit
823 2491 876 2546 per
890 2475 1056 2546 simplicem
1071 2493 1178 2546 prae-

151 2557 272 2612 sentiam
294 2558 354 2610 sive
377 2556 612 2621 coexistentem,
640 2553 693 2608 sed
720 2555 806 2609 stiam
828 2571 881 2625 per
900 2557 1038 2610 unionem
1060 2571 1179 2627 quan·

150 2632 234 2706 dant,
257 2635 353 2705 qualis
374 2642 435 2688 erat
455 2635 531 2688 inter
549 2633 741 2689 substantiam
756 2637 883 2704 panisat
894 2634 1062 2690 accidentia
1078 2639 1177 2710 ejus-

144 2715 218 2770 ,aem
238 2717 339 2784 panis,
362 2713 479 2767 sublate
499 2721 592 2768 tamen
612 2715 803 2768 inhaerentia.

211 2791 297 2860 Quod
318 2795 343 2847 si
364 2794 412 2848 eui
432 2793 590 2863 explicatio
615 2795 671 2848 ista
697 2794 817 2848 minime
845 2795 1018 2860 satisfaciat,
1051 2801 1176 2854 menni·

151 2874 242 2940 norit,
273 2874 320 2928 SS.
334 2873 432 2927 Patres
461 2872 507 2942 (ut
534 2879 653 2927 testatur
676 2873 789 2928 catech.
811 2873 893 2928 Rom.
914 2889 939 2928 c
956 2874 985 2927 t.
1013 2881 1101 2942 part.
1121 2877 1174 2952 2.)

150 2967 235 3022 saepe
255 2950 411 3007 admonere
432 2952 549 3018 fideles,
572 2971 605 3006 ee
625 2953 757 3008 curiarius
776 2953 931 3026 inquirant,
954 2970 1005 3024 quo
1014 2964 1117 3022 pacto
1135 2975 1176 3012 ea

149 3033 261 3087 mutatio
281 3033 349 3102 fleri
370 3033 475 3102 possit,·
506 3047 560 3086 neo
580 3034 656 3087 enim
678 3047 695 3085 a
715 3031 801 3088 nobie
821 3033 935 3103 percipi
954 3041 1068 3103 potest,
1108 3051 1175 3092 nea

147 3114 182 3168 in
203 3111 631 3179 naturalibusmutationibus,
660 3117 710 3166 aut
736 3113 768 3166 in
796 3115 864 3182 ipsa
886 3127 980 3168 rerum
1001 3116 1177 3172 creatione

148 3191 251 3264 hujus
267 3193 308 3246 rei
335 3191 500 3259 exemplum
528 3191 649 3262 aliquod
668 3192 823 3258 habemus3
852 3206 951 3246 rerum
979 3192 1063 3262 quod
1095 3197 1177 3252 sola

149 3271 223 3327 Fide
243 3271 357 3342 percipi
384 3270 485 3337 debet,
513 3271 562 3341 ia,
590 3272 735 3341 quomodo
756 3271 821 3341 iat,
849 3286 907 3324 non
936 3279 978 3324 est
1005 3273 1178 3332 curiosius

150 3347 366 3423 inquirendam.

211 3429 414 3486 saecunda
435 3429 593 3486 difficultas
620 3437 677 3496 est,
706 3431 777 3500 quid
801 3430 857 3486 illa
878 3427 1181 3490 transsubstantia-

150 3509 229 3565 tione
249 3517 374 3579 ponatur
394 3507 448 3565 sub
470 3507 623 3579 speciebus
642 3510 728 3580 panis
750 3517 778 3564 et
798 3511 861 3565 vini
874 3513 978 3564 tumet
990 3509 1181 3570 ,verborum

151 3591 388 3658 consecrationis,
411 3605 498 3662 quam
518 3605 572 3661 pst
589 3590 750 3645 naturalem
772 3591 1030 3647 concomitsut'mu.
1067 3589 1181 3649 Nihil
