2282 3876
143 129 213 219 ttt'
432 163 470 206 uu
489 159 636 207 uacraour
656 160 845 210 raucarum.
868 151 873 188 ἲ

147 286 229 358 cujus
250 280 363 356 generis
383 289 516 340 coemant
534 295 645 354 veasque
665 291 767 356 postea
788 284 864 338 ultra
879 279 974 355 justum
991 281 1095 352 pretinm

144 381 197 436 pro
220 363 363 419 arbitratu
385 377 436 418 suo
457 361 594 417 vendant.

207 444 264 512 Qut
284 444 377 499 servis
398 449 447 496 aut
465 442 651 496 mercenariis
666 442 845 511 stipendium
861 438 977 498 debitum
988 448 1026 495 sut
1036 457 1101 496 mer-

147 523 247 578 cedem
268 522 415 590 detinent,
443 529 491 576 aut
517 521 626 591 absque
648 523 711 576 ulla
731 525 843 577 ratione
864 523 940 576 illius
958 521 1099 576 solutionem

145 603 314 659 notabiliter
336 601 488 670 differunt3
511 601 590 672 quod
611 601 737 678 quidem
749 609 898 671 peccatum
912 601 993 656 adhuc
1005 601 1099 672 gravius

147 691 200 750 est,
222 684 247 738 si
268 683 304 737 'ex
324 681 378 735 illa
400 681 540 746 dilatione
561 681 698 736 damnum
720 689 770 736 aut
789 680 990 768 incommodum
1001 679 1096 750 aliquod

146 761 292 818 notabile
298 761 360 816 illis
382 761 528 815 obveniat.
577 770 580 781 '

204 841 332 896 Peccant
353 841 456 910 etiam,
485 841 536 912 qui
563 839 601 893 atl
620 840 765 896 lucrum
756 857 787 894 ιιι
807 839 887 896 ludis
907 841 950 894 vel
968 837 1099 908 sponsioni·

146 919 200 976 bns
221 919 401 986 faciendum,
430 918 532 986 lrautle
551 921 601 974 vel
622 915 690 974 dolo
710 926 850 990 ‘utuntur;
878 921 927 990 qui
953 935 989 974 ras
1011 918 1101 972 alienas

145 999 217 1055 ludo
239 1007 266 1053 et
287 999 358 1054 aleis
380 996 609 1068 exponuut'vel
629 1001 772 1070 proprias,
795 999 847 1055 scil
868 999 980 1054 alendae
996 997 1104 1052 familiae

145 1075 338 1148 necessariam
362 1079 412 1150 qui
433 1079 524 1134 alium
544 1079 645 1147 minis,
669 1081 829 1148 conviciis,
851 1079 948 1133 frande
963 1079 1104 1148 ‘aliquasta

146 1157 184 1230 sti
203 1158 307 1216 ludum
320 1159 507 1230 pertrahunt3
531 1160 582 1229 qui
596 1159 668 1213 aleis
684 1167 712 1216 et
725 1160 872 1214 similibus
887 1159 961 1213 ludis
968 1157 1025 1229 jura
1039 1156 1107 1210 cirili

61 1287 66 1294 .
145 1239 302 1310 prohibitis
323 1233 510 1296 immodicam
532 1237 674 1308 pecuniae
696 1241 887 1308 quantitatem
907 1244 1047 1307 exponunt

161 1335 165 1344 ·
206 1317 339 1390 Denique
361 1328 459 1374 contra
480 1321 534 1374 hoc
555 1318 710 1388 septimum
731 1326 918 1390 praeceptum
937 1323 1046 1388 peccant
1062 1315 1105 1378 illi,

147 1398 199 1469 qni
227 1412 263 1453 ex
284 1395 382 1454 mutuo
404 1411 504 1453 usuras
530 1395 679 1470 exiguum
696 1413 783 1468 quac,
813 1400 948 1469 quoniam
971 1395 1053 1450 rariia
1076 1410 1108 1447 ar·

89 1542 92 1551 1
146 1475 225 1532 tibus
248 1485 279 1533 ut
300 1477 457 1548 plurimum
473 1477 631 1550 'teguntur
649 1483 678 1531 et
702 1477 882 1548 palliantur,
910 1476 1012 1532 idcirco
1036 1474 1105 1545 paulo

148 1556 240 1639 insius
263 1557 298 1614 tle
319 1557 381 1612 illis
403 1555 546 1628 agendum
567 1565 618 1612 est.
832 1570 836 1578 ¹

281 1789 325 1802 ,,
513 1723 516 1732 ·
588 1713 615 1786 a
636 1711 700 1770 xo·
755 1779 758 1784 .

281 1802 400 1882 'Quibus'
414 1820 502 1877 modia
526 1813 626 1877 usurus
638 1829 785 1894 peccatum
806 1822 988 1910 committatur.
1130 1847 1131 1913 p

209 1954 234 2017 1’.
278 1951 487 2026 Supponlmus
494 1953 599 2011 usurae
617 1970 725 2011 nomen
741 1951 829 2028 juxta
848 1971 1022 2011 communem
1035 1951 1104 2009 etati

145 2037 235 2093 tata'm
256 2035 498 2108 significationem
520 2036 610 2103 sumi,
639 2033 687 2090 vel
706 2049 761 2105 pro
784 2036 865 2091 lucro
886 2039 1028 2101 usurario,
1052 2027 1104 2123 quoi

146 2133 183 2172 aa
203 2122 301 2172 mutuo
321 2117 472 2188 provenit,
502 2116 550 2172 vel
570 2129 629 2184 pro
646 2115 776 2183 actione,
806 2130 864 2200 qua
884 2117 939 2170 tale
960 2117 1062 2170 lucrum
1077 2112 1105 2163 ir

141 2195 220 2269 juste
242 2195 417 2267 acquiritur,
441 2209 491 2250 seu
512 2210 564 2266 pro
586 2203 751 2263 contractu,
774 2196 806 2249 in
828 2211 884 2266 quo
905 2201 1030 2250 mutuum
1048 2191 1107 2245 tatu
1129 2241 1130 2281 1

96 2333 101 2348 ‚
145 2291 211 2330 cum
232 2283 316 2344 pacto
338 2287 473 2346 expresso
495 2275 543 2329 vel
563 2276 668 2342 tacito,
700 2284 749 2329 aut
770 2275 870 2330 saltc‘m
899 2291 963 2328 curn
989 2273 1105 2328 voluntate

145 2352 313 2423 accipiendi
334 2368 352 2408 a
371 2355 545 2409 mutuatario
566 2355 643 2409 ultra
669 2363 773 2409 'sortem
801 2355 996 2424 principalem
1022 2343 1106 2420 alqui

143 2433 238 2503 pretio
260 2435 450 2502 aestimabile,
472 2441 613 2505 tauquam
632 2432 763 2489 debitum
783 2435 896 2490 ratione
915 2435 1008 2502 ipsius
1025 2426 1102 2486 nutui·

145 2514 223 2588 unde
252 2515 279 2568 S.
295 2515 474 2608 Augustinus
503 2513 615 2567 dixit
606 2530 638 2567 ιιι
665 2515 711 2568 Ps
734 2513 783 2570 36
804 2515 963 2585 foenerari,
994 2529 1045 2567 assa
1065 2521 1103 2560 m·

145 2583 219 2648 tuam
241 2595 394 2668 pecuniam
414 2603 488 2648 taam
515 2595 581 2647 clara
602 2595 641 2664 εἰ,
671 2611 688 2648 ιι
710 2601 760 2664 quc
782 2595 886 2664 aliquid
901 2595 966 2665 plata
988 2607 1057 2665 pacta
1072 2587 1129 2646 tr

144 2675 216 2738 disti,
240 2683 363 2746 expectas
382 2675 513 2743 accipere.
554 2673 600 2726 Ex
622 2687 679 2744 quo
701 2673 883 2744 intelligitur,
906 2680 1021 2728 usuram
1038 2663 1106 2735 tripli·

144 2753 216 2806 ulter
237 2755 378 2808 committi
398 2769 498 2826 possa,
527 2753 641 2814 scilicet
664 2753 718 2806 vel
737 2751 805 2806 sola
826 2754 976 2808 voluntate
997 2757 1022 2807 et
1036 2751 1106 2802 tutan·

142 2832 237 2896 tione,
255 2831 314 2885 vel
334 2829 420 2902 pacto
440 2833 598 2902 explicito,
616 2832 677 2885 val
698 2832 857 2900 implicito:
890 2833 969 2888 nude
991 2822 1104 2893 consurgit

143 2925 231 2965 usura
252 2912 402 2981 mentalis,
431 2929 518 2966 usura
539 2912 668 2966 formalis
690 2919 718 2964 et
738 2919 824 2965 us'ura
845 2912 977 2981 palliata.

202 2988 229 3043 2a
270 2990 324 3044 Est
345 2998 439 3046 autem
462 2998 586 3058 certum,
614 3005 801 3062 quascunque
825 2991 948 3058 usuras,
977 3000 1005 3046 et
1029 2981 1101 3080 qutii'l

142 3069 229 3126 modo
251 3070 331 3139 liant,
354 3085 415 3124 esse
435 3069 555 3146 illicitas
578 3083 610 3124 ac
631 3068 802 3139 prohibitas.
845 3069 880 3125 lu
901 3077 1010 3124 constat
1027 3058 1099 3132 inpri-

140 3149 195 3204 mis
224 3165 260 3204 ex
281 3148 431 3220 Scriptura
452 3151 497 3204 Pa.
516 3137 560 3203 14.
590 3149 658 3216 ubi,
688 3155 840 3220 postquam
864 3149 1006 3220 propbeta
1033 3141 1101 3211 ragin

80 3289 82 3295 y
142 3227 233 3283 dixit:
256 3229 378 3294 Domine,
402 3232 462 3302 quis
483 3229 663 3284 tartarea
685 3229 857 3283 tabernaculo
878 3221 1100 3306 austremonio

142 3307 357 3376 carpetaniam
377 3326 453 3363 auam
472 3326 526 3362 ιιοιι
556 3309 630 3364 derit
658 3309 695 3362 cd
720 3293 1102 3363 usuram.Eaach.tt.ub1

141 3382 286 3452 Propheta
307 3383 467 3457 declarans,
491 3390 542 3460 qui
563 3396 629 3444 vere
646 3387 744 3461 justus
766 3387 826 3442 dici
847 3390 947 3459 possit,
969 3377 1098 3443 intersint

143 3464 323 3522 conditiones
344 3469 420 3524 banc
442 3468 578 3545 apponit·
609 3469 644 3523 st
667 3471 705 3524 ort
723 3485 835 3524 usuram
856 3485 908 3523 noa
929 3455 1100 3524 commodatori

37 3555 39 3560 ·
137 3541 165 3589 at
173 3535 366 3637 ampliatam
379 3549 522 3618 acceperit.
553 3540 633 3604 ms.
649 3549 719 3623 buc.
732 3549 759 3607 6.
775 3549 830 3607 ubi
844 3547 974 3608 Christus
988 3547 1101 3617 crpr⁰⁸⁸¹⁸
