<?xml version="1.0" encoding="UTF-8"?>
<!DOCTYPE html PUBLIC "-//W3C//DTD XHTML 1.0 Transitional//EN"
    "http://www.w3.org/TR/xhtml1/DTD/xhtml1-transitional.dtd">
<html xmlns="http://www.w3.org/1999/xhtml" xml:lang="en" lang="en">
 <head>
  <title>
</title>
<meta http-equiv="Content-Type" content="text/html;charset=utf-8" />
  <meta name='ocr-system' content='tesseract 3.04.00' />
  <meta name='ocr-capabilities' content='ocr_page ocr_carea ocr_par ocr_line ocrx_word'/>
</head>
<body>
  <div class='ocr_page' id='page_1' title='image "./medullatheologi00abelgoog_0457.png"; bbox 0 0 2356 3870; ppageno 0'>
   <div class='ocr_carea' id='block_1_1' title="bbox 119 121 908 212">
    <p class='ocr_par' dir='ltr' id='par_1_1' title="bbox 119 121 908 212">
     <span class='ocr_line' id='line_1_1' title="bbox 119 121 908 212; baseline -0.015 0"><span class='ocrx_word' id='word_1_1' title='bbox 119 131 183 212; x_wconf 57' lang='lat'><strong>252</strong></span> <span class='ocrx_word' id='word_1_2' title='bbox 412 155 450 204; x_wconf 80' lang='lat' dir='ltr'><strong>ua</strong></span> <span class='ocrx_word' id='word_1_3' title='bbox 473 139 828 204; x_wconf 76' lang='lat' dir='ltr'><strong>oucuuoer&#39;rnarcrrma.</strong></span> <span class='ocrx_word' id='word_1_4' title='bbox 903 121 908 130; x_wconf 59' lang='grc'><em>’</em></span> 
     </span>
    </p>
   </div>
   <div class='ocr_carea' id='block_1_2' title="bbox 581 288 657 430">
    <p class='ocr_par' dir='ltr' id='par_1_2' title="bbox 581 288 657 430">
     <span class='ocr_line' id='line_1_2' title="bbox 581 288 657 430; baseline -0.013 -18"><span class='ocrx_word' id='word_1_5' title='bbox 581 288 607 430; x_wconf 68' lang='lat' dir='ltr'><strong>s}</strong></span> <span class='ocrx_word' id='word_1_6' title='bbox 635 359 657 412; x_wconf 88' lang='lat'><strong>1.</strong></span> 
     </span>
    </p>
   </div>
   <div class='ocr_carea' id='block_1_3' title="bbox 121 439 1038 538">
    <p class='ocr_par' dir='ltr' id='par_1_3' title="bbox 121 439 1038 538">
     <span class='ocr_line' id='line_1_3' title="bbox 121 439 1038 538; baseline -0.008 -15"><span class='ocrx_word' id='word_1_7' title='bbox 121 497 123 504; x_wconf 25' lang='lat' dir='ltr'><strong>a</strong></span> <span class='ocrx_word' id='word_1_8' title='bbox 216 469 289 530; x_wconf 69' lang='lat' dir='ltr'><strong>Quia</strong></span> <span class='ocrx_word' id='word_1_9' title='bbox 301 468 387 537; x_wconf 82' lang='lat' dir='ltr'><strong>juris,</strong></span> <span class='ocrx_word' id='word_1_10' title='bbox 411 467 476 538; x_wconf 80' lang='lat' dir='ltr'><strong>quid</strong></span> <span class='ocrx_word' id='word_1_11' title='bbox 488 465 614 536; x_wconf 75' lang='lat' dir='ltr'><strong>justitiae</strong></span> <span class='ocrx_word' id='word_1_12' title='bbox 635 439 739 518; x_wconf 74' lang='lat' dir='ltr'><strong>nomine</strong></span> <span class='ocrx_word' id='word_1_13' title='bbox 761 440 1038 536; x_wconf 70' lang='lat' dir='ltr'><strong>intellipeedamcit.</strong></span> 
     </span>
    </p>
   </div>
   <div class='ocr_carea' id='block_1_4' title="bbox 103 591 1133 3616">
    <p class='ocr_par' dir='ltr' id='par_1_4' title="bbox 103 591 1133 2189">
     <span class='ocr_line' id='line_1_4' title="bbox 185 591 1126 673; baseline -0.007 -14"><span class='ocrx_word' id='word_1_14' title='bbox 185 603 212 659; x_wconf 82' lang='grc'><strong>1.</strong></span> <span class='ocrx_word' id='word_1_15' title='bbox 253 595 363 658; x_wconf 84' lang='lat' dir='ltr'><strong>Nomen</strong></span> <span class='ocrx_word' id='word_1_16' title='bbox 387 599 464 673; x_wconf 89' lang='lat' dir='ltr'><strong>juris</strong></span> <span class='ocrx_word' id='word_1_17' title='bbox 493 599 540 669; x_wconf 87' lang='lat' dir='ltr'><strong>(ut</strong></span> <span class='ocrx_word' id='word_1_18' title='bbox 559 601 642 654; x_wconf 87' lang='lat' dir='ltr'><strong>illins</strong></span> <span class='ocrx_word' id='word_1_19' title='bbox 669 600 764 654; x_wconf 82' lang='lat' dir='ltr'><strong>vesias</strong></span> <span class='ocrx_word' id='word_1_20' title='bbox 786 608 814 654; x_wconf 89' lang='lat' dir='ltr'><strong>et</strong></span> <span class='ocrx_word' id='word_1_21' title='bbox 835 591 1023 669; x_wconf 79' lang='lat' dir='ltr'><strong>multiplices</strong></span> <span class='ocrx_word' id='word_1_22' title='bbox 1049 615 1126 654; x_wconf 85' lang='lat' dir='ltr'><strong>acce-</strong></span> 
     </span>
     <span class='ocr_line' id='line_1_5' title="bbox 122 671 1123 756; baseline -0.005 -18"><span class='ocrx_word' id='word_1_23' title='bbox 122 685 237 756; x_wconf 88' lang='lat' dir='ltr'><strong>ptiones</strong></span> <span class='ocrx_word' id='word_1_24' title='bbox 252 684 432 751; x_wconf 84' lang='lat' dir='ltr'><strong>omittamus)</strong></span> <span class='ocrx_word' id='word_1_25' title='bbox 452 682 483 734; x_wconf 91' lang='lat' dir='ltr'><strong>in</strong></span> <span class='ocrx_word' id='word_1_26' title='bbox 506 675 620 750; x_wconf 76' lang='lat' dir='ltr'>duplici</span> <span class='ocrx_word' id='word_1_27' title='bbox 632 671 801 749; x_wconf 76' lang='lat' dir='ltr'><strong>praesertim</strong></span> <span class='ocrx_word' id='word_1_28' title='bbox 818 679 1040 750; x_wconf 80' lang='lat' dir='ltr'><strong>significatione</strong></span> <span class='ocrx_word' id='word_1_29' title='bbox 1052 681 1123 733; x_wconf 85' lang='lat' dir='ltr'><strong>anmi</strong></span> 
     </span>
     <span class='ocr_line' id='line_1_6' title="bbox 122 759 1122 831; baseline -0.006 -13"><span class='ocrx_word' id='word_1_30' title='bbox 122 765 207 818; x_wconf 84' lang='lat' dir='ltr'><strong>solet.</strong></span> <span class='ocrx_word' id='word_1_31' title='bbox 249 763 346 816; x_wconf 86' lang='lat' dir='ltr'><strong>Primo</strong></span> <span class='ocrx_word' id='word_1_32' title='bbox 368 761 505 831; x_wconf 85' lang='lat' dir='ltr'><strong>prolege</strong></span> <span class='ocrx_word' id='word_1_33' title='bbox 533 769 591 815; x_wconf 88' lang='lat' dir='ltr'><strong>tam</strong></span> <span class='ocrx_word' id='word_1_34' title='bbox 621 761 749 814; x_wconf 87' lang='lat' dir='ltr'><strong>naturali</strong></span> <span class='ocrx_word' id='word_1_35' title='bbox 766 771 862 829; x_wconf 81' lang='lat' dir='ltr'><strong>‘quam</strong></span> <span class='ocrx_word' id='word_1_36' title='bbox 891 760 1040 829; x_wconf 84' lang='lat' dir='ltr'><strong>positiva,</strong></span> <span class='ocrx_word' id='word_1_37' title='bbox 1065 759 1122 812; x_wconf 82' lang='lat' dir='ltr'><strong>sive</strong></span> 
     </span>
     <span class='ocr_line' id='line_1_7' title="bbox 125 835 1123 910; baseline -0.006 -12"><span class='ocrx_word' id='word_1_38' title='bbox 125 843 228 898; x_wconf 81' lang='lat' dir='ltr'><strong>diviua</strong></span> <span class='ocrx_word' id='word_1_39' title='bbox 249 843 309 896; x_wconf 85' lang='lat' dir='ltr'><strong>sive</strong></span> <span class='ocrx_word' id='word_1_40' title='bbox 329 841 474 894; x_wconf 85' lang='lat' dir='ltr'><strong>humane:</strong></span> <span class='ocrx_word' id='word_1_41' title='bbox 507 855 565 910; x_wconf 89' lang='lat' dir='ltr'><strong>quo</strong></span> <span class='ocrx_word' id='word_1_42' title='bbox 593 850 678 893; x_wconf 83' lang='lat' dir='ltr'><strong>sensu</strong></span> <span class='ocrx_word' id='word_1_43' title='bbox 707 835 829 894; x_wconf 81' lang='lat' dir='ltr'><strong>dicimus</strong></span> <span class='ocrx_word' id='word_1_44' title='bbox 852 855 876 893; x_wconf 85' lang='lat' dir='ltr'><strong>e.</strong></span> <span class='ocrx_word' id='word_1_45' title='bbox 899 855 924 910; x_wconf 81' lang='lat' dir='ltr'><strong>g.</strong></span> <span class='ocrx_word' id='word_1_46' title='bbox 951 838 1123 909; x_wconf 86' lang='lat' dir='ltr'><strong>parentibus</strong></span> 
     </span>
     <span class='ocr_line' id='line_1_8' title="bbox 123 917 1125 992; baseline -0.006 -14"><span class='ocrx_word' id='word_1_47' title='bbox 123 925 263 978; x_wconf 83' lang='lat' dir='ltr'>honorem</span> <span class='ocrx_word' id='word_1_48' title='bbox 284 919 404 986; x_wconf 81' lang='lat' dir='ltr'><strong>deferre,</strong></span> <span class='ocrx_word' id='word_1_49' title='bbox 427 935 488 973; x_wconf 88' lang='lat' dir='ltr'><strong>esse</strong></span> <span class='ocrx_word' id='word_1_50' title='bbox 510 917 630 992; x_wconf 86' lang='lat' dir='ltr'><strong>dejure</strong></span> <span class='ocrx_word' id='word_1_51' title='bbox 651 919 797 986; x_wconf 82' lang='lat' dir='ltr'><strong>naturali3</strong></span> <span class='ocrx_word' id='word_1_52' title='bbox 830 920 1054 973; x_wconf 86' lang='lat' dir='ltr'><strong>Sacramentum</strong></span> <span class='ocrx_word' id='word_1_53' title='bbox 1078 919 1125 972; x_wconf 73' lang='lat' dir='ltr'><strong>Ba</strong></span> 
     </span>
     <span class='ocr_line' id='line_1_9' title="bbox 123 997 1128 1076; baseline -0.004 -20"><span class='ocrx_word' id='word_1_54' title='bbox 123 1001 224 1076; x_wconf 83' lang='lat' dir='ltr'><strong>ptismi</strong></span> <span class='ocrx_word' id='word_1_55' title='bbox 252 1000 396 1068; x_wconf 86' lang='lat' dir='ltr'><strong>recipere,</strong></span> <span class='ocrx_word' id='word_1_56' title='bbox 423 1015 484 1054; x_wconf 86' lang='lat' dir='ltr'><strong>esse</strong></span> <span class='ocrx_word' id='word_1_57' title='bbox 513 997 548 1052; x_wconf 80' lang='lat' dir='ltr'><strong>tie</strong></span> <span class='ocrx_word' id='word_1_58' title='bbox 571 998 638 1070; x_wconf 87' lang='lat' dir='ltr'><strong>jure</strong></span> <span class='ocrx_word' id='word_1_59' title='bbox 663 997 765 1053; x_wconf 77' lang='lat' dir='ltr'><strong>(livino</strong></span> <span class='ocrx_word' id='word_1_60' title='bbox 792 999 952 1068; x_wconf 58' lang='lat' dir='ltr'><strong>positivop</strong></span> <span class='ocrx_word' id='word_1_61' title='bbox 975 1013 1011 1052; x_wconf 89' lang='lat' dir='ltr'><strong>eo</strong></span> <span class='ocrx_word' id='word_1_62' title='bbox 1042 999 1128 1052; x_wconf 83' lang='lat' dir='ltr'><strong>etiarn</strong></span> 
     </span>
     <span class='ocr_line' id='line_1_10' title="bbox 123 1073 1129 1151; baseline -0.006 -15"><span class='ocrx_word' id='word_1_63' title='bbox 123 1096 212 1136; x_wconf 86' lang='lat' dir='ltr'><strong>seusu</strong></span> <span class='ocrx_word' id='word_1_64' title='bbox 238 1081 335 1151; x_wconf 79' lang='lat' dir='ltr'><strong>legum</strong></span> <span class='ocrx_word' id='word_1_65' title='bbox 363 1086 391 1134; x_wconf 89' lang='lat' dir='ltr'><strong>et</strong></span> <span class='ocrx_word' id='word_1_66' title='bbox 418 1079 601 1136; x_wconf 77' lang='lat' dir='ltr'><strong>sanctionum</strong></span> <span class='ocrx_word' id='word_1_67' title='bbox 629 1073 889 1134; x_wconf 83' lang='lat' dir='ltr'><strong>ecclesiasticarum</strong></span> <span class='ocrx_word' id='word_1_68' title='bbox 921 1078 1129 1132; x_wconf 78' lang='lat' dir='ltr'><strong>collectionem</strong></span> 
     </span>
     <span class='ocr_line' id='line_1_11' title="bbox 120 1157 1128 1234; baseline -0.005 -19"><span class='ocrx_word' id='word_1_69' title='bbox 120 1160 199 1234; x_wconf 82' lang='lat' dir='ltr'><strong>juris</strong></span> <span class='ocrx_word' id='word_1_70' title='bbox 221 1159 355 1216; x_wconf 86' lang='lat' dir='ltr'><strong>canonici</strong></span> <span class='ocrx_word' id='word_1_71' title='bbox 382 1161 499 1215; x_wconf 89' lang='lat' dir='ltr'><strong>nomine</strong></span> <span class='ocrx_word' id='word_1_72' title='bbox 523 1158 720 1230; x_wconf 81' lang='lat' dir='ltr'><strong>indigitamus.</strong></span> <span class='ocrx_word' id='word_1_73' title='bbox 764 1157 896 1214; x_wconf 84' lang='lat' dir='ltr'><strong>Secundo</strong></span> <span class='ocrx_word' id='word_1_74' title='bbox 925 1157 1056 1212; x_wconf 88' lang='lat' dir='ltr'><strong>sumitur</strong></span> <span class='ocrx_word' id='word_1_75' title='bbox 1076 1172 1128 1232; x_wconf 87' lang='lat' dir='ltr'><strong>pro</strong></span> 
     </span>
     <span class='ocr_line' id='line_1_12' title="bbox 125 1235 1133 1310; baseline -0.005 -16"><span class='ocrx_word' id='word_1_76' title='bbox 125 1241 262 1300; x_wconf 70' lang='lat' dir='ltr'><strong>facultate</strong></span> <span class='ocrx_word' id='word_1_77' title='bbox 282 1239 337 1292; x_wconf 87' lang='lat' dir='ltr'><strong>illa</strong></span> <span class='ocrx_word' id='word_1_78' title='bbox 357 1254 407 1292; x_wconf 88' lang='lat' dir='ltr'><strong>seu</strong></span> <span class='ocrx_word' id='word_1_79' title='bbox 433 1237 576 1310; x_wconf 84' lang='lat' dir='ltr'><strong>potestate</strong></span> <span class='ocrx_word' id='word_1_80' title='bbox 604 1239 747 1308; x_wconf 84' lang='lat' dir='ltr'><strong>legitima,</strong></span> <span class='ocrx_word' id='word_1_81' title='bbox 778 1253 863 1308; x_wconf 85' lang='lat' dir='ltr'><strong>quam</strong></span> <span class='ocrx_word' id='word_1_82' title='bbox 890 1237 956 1306; x_wconf 86' lang='lat' dir='ltr'><strong>quis</strong></span> <span class='ocrx_word' id='word_1_83' title='bbox 976 1237 1073 1290; x_wconf 85' lang='lat' dir='ltr'><strong>habet</strong></span> <span class='ocrx_word' id='word_1_84' title='bbox 1094 1235 1133 1289; x_wconf 85' lang='lat' dir='ltr'><strong>ati</strong></span> 
     </span>
     <span class='ocr_line' id='line_1_13' title="bbox 124 1315 1132 1391; baseline -0.005 -16"><span class='ocrx_word' id='word_1_85' title='bbox 124 1332 185 1375; x_wconf 90' lang='lat' dir='ltr'><strong>rem</strong></span> <span class='ocrx_word' id='word_1_86' title='bbox 206 1321 335 1391; x_wconf 88' lang='lat' dir='ltr'><strong>aliquam</strong></span> <span class='ocrx_word' id='word_1_87' title='bbox 364 1317 551 1382; x_wconf 85' lang='lat' dir='ltr'><strong>obtinendam</strong></span> <span class='ocrx_word' id='word_1_88' title='bbox 580 1325 629 1372; x_wconf 88' lang='lat' dir='ltr'><strong>aut</strong></span> <span class='ocrx_word' id='word_1_89' title='bbox 657 1317 850 1381; x_wconf 76' lang='lat' dir='ltr'><strong>retinendam,</strong></span> <span class='ocrx_word' id='word_1_90' title='bbox 879 1317 929 1371; x_wconf 83' lang='lat' dir='ltr'><strong>vel</strong></span> <span class='ocrx_word' id='word_1_91' title='bbox 950 1315 1132 1386; x_wconf 78' lang='lat' dir='ltr'><strong>atialiqnid</strong></span> 
     </span>
     <span class='ocr_line' id='line_1_14' title="bbox 103 1395 1129 1465; baseline -0.007 -10"><span class='ocrx_word' id='word_1_92' title='bbox 103 1398 303 1465; x_wconf 64' lang='lat' dir='ltr'><strong>&#39;iaciendum</strong></span> <span class='ocrx_word' id='word_1_93' title='bbox 332 1399 374 1451; x_wconf 82' lang='lat' dir='ltr'><strong>ita</strong></span> <span class='ocrx_word' id='word_1_94' title='bbox 395 1405 427 1452; x_wconf 89' lang='lat' dir='ltr'><strong>ut</strong></span> <span class='ocrx_word' id='word_1_95' title='bbox 447 1398 484 1452; x_wconf 88' lang='lat' dir='ltr'><strong>ab</strong></span> <span class='ocrx_word' id='word_1_96' title='bbox 504 1398 585 1450; x_wconf 87' lang='lat' dir='ltr'><strong>illins</strong></span> <span class='ocrx_word' id='word_1_97' title='bbox 613 1397 656 1450; x_wconf 89' lang='lat' dir='ltr'><strong>rei</strong></span> <span class='ocrx_word' id='word_1_98' title='bbox 683 1397 849 1452; x_wconf 82' lang='lat' dir='ltr'><strong>obtentione</strong></span> <span class='ocrx_word' id='word_1_99' title='bbox 877 1403 928 1449; x_wconf 87' lang='lat' dir='ltr'><strong>aut</strong></span> <span class='ocrx_word' id='word_1_100' title='bbox 952 1395 1129 1462; x_wconf 85' lang='lat' dir='ltr'><strong>retentione,</strong></span> 
     </span>
     <span class='ocr_line' id='line_1_15' title="bbox 126 1474 1066 1546; baseline -0.003 -13"><span class='ocrx_word' id='word_1_101' title='bbox 126 1479 232 1536; x_wconf 63' lang='lat' dir='ltr'><strong>&#39;vel‘ab</strong></span> <span class='ocrx_word' id='word_1_102' title='bbox 253 1474 308 1533; x_wconf 88' lang='lat' dir='ltr'><strong>illa</strong></span> <span class='ocrx_word' id='word_1_103' title='bbox 329 1477 442 1532; x_wconf 87' lang='lat' dir='ltr'><strong>actione</strong></span> <span class='ocrx_word' id='word_1_104' title='bbox 464 1475 598 1532; x_wconf 85' lang='lat' dir='ltr'><strong>iacienda</strong></span> <span class='ocrx_word' id='word_1_105' title='bbox 618 1477 756 1546; x_wconf 84' lang='lat' dir='ltr'><strong>impediri</strong></span> <span class='ocrx_word' id='word_1_106' title='bbox 777 1477 857 1530; x_wconf 89' lang='lat' dir='ltr'><strong>licite</strong></span> <span class='ocrx_word' id='word_1_107' title='bbox 878 1490 936 1530; x_wconf 90' lang='lat' dir='ltr'><strong>nou</strong></span> <span class='ocrx_word' id='word_1_108' title='bbox 958 1478 1066 1543; x_wconf 74' lang='lat' dir='ltr'><strong>possit</strong></span> 
     </span>
     <span class='ocr_line' id='line_1_16' title="bbox 127 1555 1131 1627; baseline -0.004 -15"><span class='ocrx_word' id='word_1_109' title='bbox 127 1559 130 1570; x_wconf 91' lang='grc'><strong>’</strong></span> <span class='ocrx_word' id='word_1_110' title='bbox 189 1559 330 1612; x_wconf 78' lang='lat' dir='ltr'><strong>Similiter</strong></span> <span class='ocrx_word' id='word_1_111' title='bbox 346 1557 480 1627; x_wconf 84' lang='lat' dir='ltr'><strong>justitiae</strong></span> <span class='ocrx_word' id='word_1_112' title='bbox 496 1570 599 1610; x_wconf 87' lang='lat' dir='ltr'><strong>nomen</strong></span> <span class='ocrx_word' id='word_1_113' title='bbox 615 1556 728 1610; x_wconf 86' lang='lat' dir='ltr'><strong>duobus</strong></span> <span class='ocrx_word' id='word_1_114' title='bbox 742 1556 924 1626; x_wconf 88' lang='lat' dir='ltr'><strong>potissimum</strong></span> <span class='ocrx_word' id='word_1_115' title='bbox 940 1555 1040 1609; x_wconf 83' lang='lat' dir='ltr'><strong>modis</strong></span> <span class='ocrx_word' id='word_1_116' title='bbox 1054 1556 1131 1609; x_wconf 83' lang='lat' dir='ltr'><strong>aeci·</strong></span> 
     </span>
     <span class='ocr_line' id='line_1_17' title="bbox 126 1635 1130 1713; baseline -0.004 -22"><span class='ocrx_word' id='word_1_117' title='bbox 126 1637 219 1713; x_wconf 79' lang='lat' dir='ltr'><strong>piton¹</strong></span> <span class='ocrx_word' id='word_1_118' title='bbox 259 1635 356 1690; x_wconf 84' lang='lat' dir='ltr'><strong>Primo</strong></span> <span class='ocrx_word' id='word_1_119' title='bbox 378 1651 430 1704; x_wconf 92' lang='lat' dir='ltr'><strong>pro</strong></span> <span class='ocrx_word' id='word_1_120' title='bbox 451 1637 558 1690; x_wconf 88' lang='lat' dir='ltr'><strong>virtute</strong></span> <span class='ocrx_word' id='word_1_121' title='bbox 583 1635 707 1707; x_wconf 80' lang='lat' dir='ltr'><strong>quatiam</strong></span> <span class='ocrx_word' id='word_1_122' title='bbox 736 1635 876 1708; x_wconf 81' lang='lat' dir='ltr'><strong>generali,</strong></span> <span class='ocrx_word' id='word_1_123' title='bbox 906 1649 993 1704; x_wconf 85' lang='lat' dir='ltr'><strong>quam</strong></span> <span class='ocrx_word' id='word_1_124' title='bbox 1018 1635 1048 1689; x_wconf 85' lang='lat' dir='ltr'><strong>S.</strong></span> <span class='ocrx_word' id='word_1_125' title='bbox 1070 1635 1130 1688; x_wconf 88' lang='lat' dir='ltr'><strong>An·</strong></span> 
     </span>
     <span class='ocr_line' id='line_1_18' title="bbox 127 1713 1129 1784; baseline -0.003 -14"><span class='ocrx_word' id='word_1_126' title='bbox 127 1717 234 1770; x_wconf 83' lang='lat' dir='ltr'><strong>seimus</strong></span> <span class='ocrx_word' id='word_1_127' title='bbox 253 1713 327 1768; x_wconf 71' lang='lat' dir='ltr'><strong>liial.</strong></span> <span class='ocrx_word' id='word_1_128' title='bbox 342 1713 379 1766; x_wconf 81' lang='lat' dir='ltr'><strong>tle</strong></span> <span class='ocrx_word' id='word_1_129' title='bbox 401 1716 483 1767; x_wconf 86' lang='lat' dir='ltr'><strong>verit.</strong></span> <span class='ocrx_word' id='word_1_130' title='bbox 507 1727 570 1784; x_wconf 84' lang='lat' dir='ltr'><strong>cap.</strong></span> <span class='ocrx_word' id='word_1_131' title='bbox 596 1715 640 1770; x_wconf 80' lang='lat' dir='ltr'><strong>tt.</strong></span> <span class='ocrx_word' id='word_1_132' title='bbox 657 1723 748 1769; x_wconf 86' lang='lat' dir='ltr'><strong>&#39;vocat</strong></span> <span class='ocrx_word' id='word_1_133' title='bbox 763 1715 948 1770; x_wconf 78' lang='lat' dir='ltr'><strong>rectitudinem</strong></span> <span class='ocrx_word' id='word_1_134' title='bbox 964 1715 1129 1768; x_wconf 75' lang='lat' dir='ltr'><strong>voluntatis.-</strong></span> 
     </span>
     <span class='ocr_line' id='line_1_19' title="bbox 127 1786 1129 1865; baseline 0 -18"><span class='ocrx_word' id='word_1_135' title='bbox 127 1808 185 1865; x_wconf 87' lang='lat' dir='ltr'><strong>quo</strong></span> <span class='ocrx_word' id='word_1_136' title='bbox 207 1804 292 1848; x_wconf 78' lang='lat' dir='ltr'><strong>seusu</strong></span> <span class='ocrx_word' id='word_1_137' title='bbox 319 1786 440 1848; x_wconf 85' lang='lat' dir='ltr'><strong>virtutes</strong></span> <span class='ocrx_word' id='word_1_138' title='bbox 468 1809 566 1848; x_wconf 87' lang='lat' dir='ltr'><strong>omues</strong></span> <span class='ocrx_word' id='word_1_139' title='bbox 591 1796 622 1848; x_wconf 89' lang='lat' dir='ltr'><strong>in</strong></span> <span class='ocrx_word' id='word_1_140' title='bbox 642 1799 673 1850; x_wconf 86' lang='lat' dir='ltr'><strong>&#39;se</strong></span> <span class='ocrx_word' id='word_1_141' title='bbox 695 1796 908 1864; x_wconf 78' lang='lat' dir='ltr'><strong>complectitur,</strong></span> <span class='ocrx_word' id='word_1_142' title='bbox 937 1801 968 1848; x_wconf 89' lang='lat' dir='ltr'><strong>et</strong></span> <span class='ocrx_word' id='word_1_143' title='bbox 987 1809 1047 1862; x_wconf 89' lang='lat' dir='ltr'><strong>pro</strong></span> <span class='ocrx_word' id='word_1_144' title='bbox 1066 1794 1129 1848; x_wconf 84' lang='lat' dir='ltr'><strong>illis</strong></span> 
     </span>
     <span class='ocr_line' id='line_1_20' title="bbox 126 1865 1130 1946; baseline -0.001 -19"><span class='ocrx_word' id='word_1_145' title='bbox 126 1865 196 1928; x_wconf 81' lang='lat' dir='ltr'><strong>sive</strong></span> <span class='ocrx_word' id='word_1_146' title='bbox 218 1873 375 1944; x_wconf 67' lang='lat' dir='ltr'><strong>generatim</strong></span> <span class='ocrx_word' id='word_1_147' title='bbox 402 1874 463 1928; x_wconf 84' lang='lat' dir='ltr'><strong>sive</strong></span> <span class='ocrx_word' id='word_1_148' title='bbox 490 1875 642 1944; x_wconf 80' lang='lat' dir='ltr'><strong>speciatim</strong></span> <span class='ocrx_word' id='word_1_149' title='bbox 670 1873 868 1946; x_wconf 84' lang='lat' dir='ltr'><strong>significandis</strong></span> <span class='ocrx_word' id='word_1_150' title='bbox 895 1874 1076 1944; x_wconf 86' lang='lat' dir='ltr'><strong>plerumque</strong></span> <span class='ocrx_word' id='word_1_151' title='bbox 1100 1875 1130 1927; x_wconf 88' lang='lat' dir='ltr'><strong>iu</strong></span> 
     </span>
     <span class='ocr_line' id='line_1_21' title="bbox 127 1953 1128 2024; baseline -0.001 -17"><span class='ocrx_word' id='word_1_152' title='bbox 127 1953 278 2022; x_wconf 83' lang='lat' dir='ltr'><strong>Scriptura</strong></span> <span class='ocrx_word' id='word_1_153' title='bbox 297 1955 426 2022; x_wconf 83' lang='lat' dir='ltr'><strong>ponitur,</strong></span> <span class='ocrx_word' id='word_1_154' title='bbox 446 1961 480 2007; x_wconf 88' lang='lat' dir='ltr'><strong>ut</strong></span> <span class='ocrx_word' id='word_1_155' title='bbox 499 1953 601 2008; x_wconf 75' lang='lat' dir='ltr'><strong>Meton.</strong></span> <span class='ocrx_word' id='word_1_156' title='bbox 625 1957 668 2009; x_wconf 58' lang='lat'><strong>5:</strong></span> <span class='ocrx_word' id='word_1_157' title='bbox 693 1955 782 2020; x_wconf 82' lang='lat' dir='ltr'><strong>Beati,</strong></span> <span class='ocrx_word' id='word_1_158' title='bbox 807 1955 854 2024; x_wconf 78' lang='lat' dir='ltr'><strong>pai</strong></span> <span class='ocrx_word' id='word_1_159' title='bbox 875 1956 997 2008; x_wconf 74' lang='lat' dir='ltr'><strong>esuriunt</strong></span> <span class='ocrx_word' id='word_1_160' title='bbox 1021 1964 1050 2008; x_wconf 85' lang='lat' dir='ltr'><strong>et</strong></span> <span class='ocrx_word' id='word_1_161' title='bbox 1069 1955 1128 2008; x_wconf 80' lang='lat' dir='ltr'><strong>attt-</strong></span> 
     </span>
     <span class='ocr_line' id='line_1_22' title="bbox 127 2033 1128 2104; baseline 0.002 -18"><span class='ocrx_word' id='word_1_162' title='bbox 127 2043 177 2086; x_wconf 82' lang='lat' dir='ltr'><strong>ant</strong></span> <span class='ocrx_word' id='word_1_163' title='bbox 188 2034 337 2103; x_wconf 82' lang='lat' dir='ltr'><strong>justitiam,</strong></span> <span class='ocrx_word' id='word_1_164' title='bbox 368 2041 396 2086; x_wconf 90' lang='lat' dir='ltr'><strong>et</strong></span> <span class='ocrx_word' id='word_1_165' title='bbox 416 2048 479 2102; x_wconf 85' lang='lat' dir='ltr'><strong>cap.</strong></span> <span class='ocrx_word' id='word_1_166' title='bbox 502 2033 529 2088; x_wconf 90' lang='grc'><strong>6.</strong></span> <span class='ocrx_word' id='word_1_167' title='bbox 557 2035 707 2099; x_wconf 81' lang='lat' dir='ltr'><strong>Attendite,</strong></span> <span class='ocrx_word' id='word_1_168' title='bbox 737 2052 771 2088; x_wconf 85' lang='lat' dir='ltr'><strong>ne</strong></span> <span class='ocrx_word' id='word_1_169' title='bbox 785 2035 922 2103; x_wconf 79' lang='lat' dir='ltr'><strong>justitiam</strong></span> <span class='ocrx_word' id='word_1_170' title='bbox 941 2042 1065 2088; x_wconf 78' lang='lat' dir='ltr'><strong>vestrane</strong></span> <span class='ocrx_word' id='word_1_171' title='bbox 1077 2034 1128 2104; x_wconf 84' lang='lat' dir='ltr'><strong>sa-</strong></span> 
     </span>
     <span class='ocr_line' id='line_1_23' title="bbox 128 2114 840 2189; baseline -0.003 -21"><span class='ocrx_word' id='word_1_172' title='bbox 128 2115 208 2168; x_wconf 75' lang='lat' dir='ltr'><strong>etatis</strong></span> <span class='ocrx_word' id='word_1_173' title='bbox 228 2127 319 2167; x_wconf 83' lang='lat' dir='ltr'><strong>coram</strong></span> <span class='ocrx_word' id='word_1_174' title='bbox 340 2114 499 2181; x_wconf 75' lang='lat' dir='ltr'><strong>hominibus,</strong></span> <span class='ocrx_word' id='word_1_175' title='bbox 522 2123 551 2166; x_wconf 84' lang='lat' dir='ltr'><strong>ut</strong></span> <span class='ocrx_word' id='word_1_176' title='bbox 571 2115 717 2189; x_wconf 75' lang='lat' dir='ltr'><strong>videamini</strong></span> <span class='ocrx_word' id='word_1_177' title='bbox 737 2115 771 2168; x_wconf 81' lang='lat' dir='ltr'><strong>ab</strong></span> <span class='ocrx_word' id='word_1_178' title='bbox 793 2115 840 2167; x_wconf 83' lang='lat' dir='ltr'><strong>eis.</strong></span> 
     </span>
    </p>

    <p class='ocr_par' dir='ltr' id='par_1_5' title="bbox 124 2192 1129 3140">
     <span class='ocr_line' id='line_1_24' title="bbox 189 2192 1129 2262; baseline -0.003 -14"><span class='ocrx_word' id='word_1_179' title='bbox 189 2194 234 2248; x_wconf 72' lang='grc'><strong>2.·</strong></span> <span class='ocrx_word' id='word_1_180' title='bbox 261 2192 392 2248; x_wconf 83' lang='lat' dir='ltr'><strong>Secundo</strong></span> <span class='ocrx_word' id='word_1_181' title='bbox 424 2209 476 2262; x_wconf 90' lang='lat' dir='ltr'><strong>pro</strong></span> <span class='ocrx_word' id='word_1_182' title='bbox 508 2193 614 2248; x_wconf 89' lang='lat' dir='ltr'><strong>virtute</strong></span> <span class='ocrx_word' id='word_1_183' title='bbox 645 2195 831 2262; x_wconf 84' lang='lat' dir='ltr'><strong>particulari,</strong></span> <span class='ocrx_word' id='word_1_184' title='bbox 864 2207 937 2262; x_wconf 87' lang='lat' dir='ltr'><strong>quae</strong></span> <span class='ocrx_word' id='word_1_185' title='bbox 966 2208 984 2244; x_wconf 77' lang='lat' dir='ltr'><strong>a</strong></span> <span class='ocrx_word' id='word_1_186' title='bbox 1014 2194 1045 2247; x_wconf 89' lang='lat' dir='ltr'><strong>S.</strong></span> <span class='ocrx_word' id='word_1_187' title='bbox 1076 2193 1129 2246; x_wconf 92' lang='lat' dir='ltr'><strong>Do-</strong></span> 
     </span>
     <span class='ocr_line' id='line_1_25' title="bbox 127 2269 1129 2348; baseline -0.003 -20"><span class='ocrx_word' id='word_1_188' title='bbox 127 2281 205 2329; x_wconf 85' lang='lat' dir='ltr'><strong>ctore</strong></span> <span class='ocrx_word' id='word_1_189' title='bbox 227 2269 274 2328; x_wconf 77' lang='lat' dir='ltr'><strong>at.</strong></span> <span class='ocrx_word' id='word_1_190' title='bbox 296 2279 405 2342; x_wconf 80' lang='lat' dir='ltr'><strong>quaest.</strong></span> <span class='ocrx_word' id='word_1_191' title='bbox 425 2271 472 2330; x_wconf 78' lang='grc'><strong>58.</strong></span> <span class='ocrx_word' id='word_1_192' title='bbox 490 2280 546 2333; x_wconf 80' lang='lat' dir='ltr'><strong>ert.</strong></span> <span class='ocrx_word' id='word_1_193' title='bbox 566 2273 596 2332; x_wconf 83' lang='grc'><strong>,1.</strong></span> <span class='ocrx_word' id='word_1_194' title='bbox 612 2283 646 2328; x_wconf 88' lang='lat' dir='ltr'><strong>ct</strong></span> <span class='ocrx_word' id='word_1_195' title='bbox 663 2291 684 2329; x_wconf 82' lang='lat' dir='ltr'><strong>e</strong></span> <span class='ocrx_word' id='word_1_196' title='bbox 698 2273 920 2348; x_wconf 61' lang='lat' dir='ltr'><strong>,jurisconsultis</strong></span> <span class='ocrx_word' id='word_1_197' title='bbox 934 2273 1129 2328; x_wconf 89' lang='lat' dir='ltr'><strong>communiter</strong></span> 
     </span>
     <span class='ocr_line' id='line_1_26' title="bbox 124 2349 1128 2423; baseline -0.001 -18"><span class='ocrx_word' id='word_1_198' title='bbox 124 2349 266 2405; x_wconf 85' lang='lat' dir='ltr'><strong>-defluitur</strong></span> <span class='ocrx_word' id='word_1_199' title='bbox 293 2361 417 2405; x_wconf 81' lang='lat' dir='ltr'><strong>constans</strong></span> <span class='ocrx_word' id='word_1_200' title='bbox 445 2359 470 2404; x_wconf 88' lang='lat' dir='ltr'><strong>et</strong></span> <span class='ocrx_word' id='word_1_201' title='bbox 493 2363 628 2422; x_wconf 83' lang='lat' dir='ltr'><strong>perpetue</strong></span> <span class='ocrx_word' id='word_1_202' title='bbox 652 2355 779 2422; x_wconf 12' lang='lat' dir='ltr'><strong>,volontas</strong></span> <span class='ocrx_word' id='word_1_203' title='bbox 799 2354 848 2422; x_wconf 83' lang='lat' dir='ltr'><strong>jos</strong></span> <span class='ocrx_word' id='word_1_204' title='bbox 877 2369 953 2405; x_wconf 79' lang='lat' dir='ltr'><strong>suam</strong></span> <span class='ocrx_word' id='word_1_205' title='bbox 982 2354 1128 2423; x_wconf 77' lang='lat' dir='ltr'><strong>unicuiqae</strong></span> 
     </span>
     <span class='ocr_line' id='line_1_27' title="bbox 125 2431 1128 2502; baseline -0.001 -17"><span class='ocrx_word' id='word_1_206' title='bbox 125 2431 280 2486; x_wconf 80' lang='lat' dir='ltr'><strong>tribuendi.-</strong></span> <span class='ocrx_word' id='word_1_207' title='bbox 309 2446 432 2502; x_wconf 89' lang='lat' dir='ltr'><strong>qnorum</strong></span> <span class='ocrx_word' id='word_1_208' title='bbox 454 2431 607 2486; x_wconf 84' lang='lat' dir='ltr'><strong>verborum</strong></span> <span class='ocrx_word' id='word_1_209' title='bbox 625 2448 724 2490; x_wconf 90' lang='lat' dir='ltr'><strong>sensus</strong></span> <span class='ocrx_word' id='word_1_210' title='bbox 746 2439 798 2500; x_wconf 88' lang='lat' dir='ltr'><strong>est,</strong></span> <span class='ocrx_word' id='word_1_211' title='bbox 815 2431 962 2502; x_wconf 78' lang='lat' dir='ltr'><strong>J‘ustitiam</strong></span> <span class='ocrx_word' id='word_1_212' title='bbox 984 2448 1051 2486; x_wconf 88' lang='lat' dir='ltr'><strong>esse</strong></span> <span class='ocrx_word' id='word_1_213' title='bbox 1073 2433 1128 2485; x_wconf 87' lang='lat' dir='ltr'><strong>vir·</strong></span> 
     </span>
     <span class='ocr_line' id='line_1_28' title="bbox 129 2510 1126 2580; baseline -0.002 -14"><span class='ocrx_word' id='word_1_214' title='bbox 129 2519 232 2579; x_wconf 88' lang='lat' dir='ltr'><strong>tutem,</strong></span> <span class='ocrx_word' id='word_1_215' title='bbox 261 2525 335 2580; x_wconf 89' lang='lat' dir='ltr'><strong>quae</strong></span> <span class='ocrx_word' id='word_1_216' title='bbox 361 2512 486 2564; x_wconf 88' lang='lat' dir='ltr'><strong>inclinet</strong></span> <span class='ocrx_word' id='word_1_217' title='bbox 512 2519 540 2565; x_wconf 91' lang='lat' dir='ltr'><strong>et</strong></span> <span class='ocrx_word' id='word_1_218' title='bbox 568 2513 661 2566; x_wconf 88' lang='lat' dir='ltr'><strong>firmat</strong></span> <span class='ocrx_word' id='word_1_219' title='bbox 681 2513 859 2566; x_wconf 85' lang='lat' dir='ltr'><strong>voluntatem</strong></span> <span class='ocrx_word' id='word_1_220' title='bbox 880 2511 917 2565; x_wconf 84' lang='lat' dir='ltr'><strong>ad</strong></span> <span class='ocrx_word' id='word_1_221' title='bbox 939 2510 1126 2566; x_wconf 87' lang='lat' dir='ltr'><strong>tribuendum</strong></span> 
     </span>
     <span class='ocr_line' id='line_1_29' title="bbox 129 2585 1127 2663; baseline -0.002 -17"><span class='ocrx_word' id='word_1_222' title='bbox 129 2587 304 2660; x_wconf 78' lang='lat' dir='ltr'><strong>unicuique,</strong></span> <span class='ocrx_word' id='word_1_223' title='bbox 328 2589 407 2663; x_wconf 85' lang='lat' dir='ltr'><strong>quod</strong></span> <span class='ocrx_word' id='word_1_224' title='bbox 427 2606 512 2646; x_wconf 86' lang='lat' dir='ltr'><strong>suum</strong></span> <span class='ocrx_word' id='word_1_225' title='bbox 533 2599 593 2658; x_wconf 84' lang='lat' dir='ltr'><strong>est3</strong></span> <span class='ocrx_word' id='word_1_226' title='bbox 628 2593 685 2661; x_wconf 85' lang='lat' dir='ltr'><strong>qua</strong></span> <span class='ocrx_word' id='word_1_227' title='bbox 705 2591 736 2646; x_wconf 87' lang='lat' dir='ltr'><strong>iri</strong></span> <span class='ocrx_word' id='word_1_228' title='bbox 757 2585 924 2660; x_wconf 76' lang='lat' dir='ltr'><strong>acceptioue</strong></span> <span class='ocrx_word' id='word_1_229' title='bbox 946 2607 1005 2644; x_wconf 86' lang='lat' dir='ltr'><strong>uua</strong></span> <span class='ocrx_word' id='word_1_230' title='bbox 1029 2601 1127 2646; x_wconf 83' lang='lat' dir='ltr'><strong>estex</strong></span> 
     </span>
     <span class='ocr_line' id='line_1_30' title="bbox 132 2669 1128 2741; baseline -0.001 -17"><span class='ocrx_word' id='word_1_231' title='bbox 132 2675 255 2740; x_wconf 81' lang='lat' dir='ltr'><strong>quatuor</strong></span> <span class='ocrx_word' id='word_1_232' title='bbox 283 2669 344 2723; x_wconf 91' lang='lat' dir='ltr'><strong>illis</strong></span> <span class='ocrx_word' id='word_1_233' title='bbox 363 2669 543 2738; x_wconf 54' lang='lat' dir='ltr'><strong>&#39;virtutibnm</strong></span> <span class='ocrx_word' id='word_1_234' title='bbox 574 2686 646 2741; x_wconf 84' lang='lat' dir='ltr'><strong>qnae</strong></span> <span class='ocrx_word' id='word_1_235' title='bbox 675 2688 692 2724; x_wconf 85' lang='lat' dir='ltr'><strong>u</strong></span> <span class='ocrx_word' id='word_1_236' title='bbox 718 2674 744 2726; x_wconf 84' lang='lat' dir='ltr'><strong>S.</strong></span> <span class='ocrx_word' id='word_1_237' title='bbox 767 2671 923 2726; x_wconf 82' lang='lat' dir='ltr'><strong>Ambrosio</strong></span> <span class='ocrx_word' id='word_1_238' title='bbox 952 2671 984 2723; x_wconf 93' lang='lat' dir='ltr'><strong>in</strong></span> <span class='ocrx_word' id='word_1_239' title='bbox 1013 2686 1080 2740; x_wconf 87' lang='lat' dir='ltr'><strong>cap.</strong></span> <span class='ocrx_word' id='word_1_240' title='bbox 1103 2670 1128 2724; x_wconf 85' lang='grc'><strong>6.</strong></span> 
     </span>
     <span class='ocr_line' id='line_1_31' title="bbox 128 2750 1129 2821; baseline -0.001 -18"><span class='ocrx_word' id='word_1_241' title='bbox 128 2751 159 2803; x_wconf 74' lang='lat' dir='ltr'><strong>S.</strong></span> <span class='ocrx_word' id='word_1_242' title='bbox 182 2751 277 2820; x_wconf 85' lang='lat' dir='ltr'><strong>Lucae</strong></span> <span class='ocrx_word' id='word_1_243' title='bbox 299 2757 438 2804; x_wconf 83' lang='lat' dir='ltr'><strong>vocentur</strong></span> <span class='ocrx_word' id='word_1_244' title='bbox 459 2753 626 2814; x_wconf 81' lang='lat' dir='ltr'><strong>cardinales,</strong></span> <span class='ocrx_word' id='word_1_245' title='bbox 657 2766 689 2805; x_wconf 87' lang='lat' dir='ltr'><strong>eo</strong></span> <span class='ocrx_word' id='word_1_246' title='bbox 713 2750 790 2821; x_wconf 87' lang='lat' dir='ltr'><strong>quod</strong></span> <span class='ocrx_word' id='word_1_247' title='bbox 804 2751 870 2804; x_wconf 85' lang='lat' dir='ltr'><strong>sint</strong></span> <span class='ocrx_word' id='word_1_248' title='bbox 890 2751 1014 2804; x_wconf 88' lang='lat' dir='ltr'><strong>aliarum</strong></span> <span class='ocrx_word' id='word_1_249' title='bbox 1038 2751 1129 2802; x_wconf 87' lang='lat' dir='ltr'><strong>virtu-</strong></span> 
     </span>
     <span class='ocr_line' id='line_1_32' title="bbox 130 2823 1129 2898; baseline 0.003 -19"><span class='ocrx_word' id='word_1_250' title='bbox 130 2823 351 2896; x_wconf 65' lang='lat' dir='ltr'><strong>tum‘tau&#39;quam</strong></span> <span class='ocrx_word' id='word_1_251' title='bbox 367 2827 571 2898; x_wconf 80' lang='lat' dir='ltr'><strong>cardines,&#39;itu</strong></span> <span class='ocrx_word' id='word_1_252' title='bbox 592 2837 632 2896; x_wconf 90' lang='lat' dir='ltr'><strong>ut,</strong></span> <span class='ocrx_word' id='word_1_253' title='bbox 657 2833 731 2884; x_wconf 88' lang='lat' dir='ltr'><strong>sicut</strong></span> <span class='ocrx_word' id='word_1_254' title='bbox 752 2831 857 2884; x_wconf 88' lang='lat' dir='ltr'><strong>ostium</strong></span> <span class='ocrx_word' id='word_1_255' title='bbox 879 2831 910 2884; x_wconf 91' lang='lat' dir='ltr'><strong>iu</strong></span> <span class='ocrx_word' id='word_1_256' title='bbox 933 2831 1062 2896; x_wconf 81' lang='lat' dir='ltr'><strong>cardine,</strong></span> <span class='ocrx_word' id='word_1_257' title='bbox 1083 2829 1129 2882; x_wconf 87' lang='lat' dir='ltr'><strong>sie</strong></span> 
     </span>
     <span class='ocr_line' id='line_1_33' title="bbox 133 2903 1127 2983; baseline 0.005 -26"><span class='ocrx_word' id='word_1_258' title='bbox 133 2906 180 2977; x_wconf 82' lang='lat' dir='ltr'><strong>(nt</strong></span> <span class='ocrx_word' id='word_1_259' title='bbox 200 2906 332 2975; x_wconf 90' lang='lat' dir='ltr'><strong>loquitur</strong></span> <span class='ocrx_word' id='word_1_260' title='bbox 352 2909 380 2962; x_wconf 72' lang='grc' dir='ltr'><strong>Β.</strong></span> <span class='ocrx_word' id='word_1_261' title='bbox 398 2909 551 2983; x_wconf 81' lang='lat' dir='ltr'><strong>Gregorius</strong></span> <span class='ocrx_word' id='word_1_262' title='bbox 577 2909 629 2963; x_wconf 89' lang='lat' dir='ltr'><strong>lib.</strong></span> <span class='ocrx_word' id='word_1_263' title='bbox 653 2910 679 2963; x_wconf 81' lang='lat'><strong>2.</strong></span> <span class='ocrx_word' id='word_1_264' title='bbox 704 2911 776 2964; x_wconf 88' lang='lat' dir='ltr'><strong>Mor.</strong></span> <span class='ocrx_word' id='word_1_265' title='bbox 800 2903 863 2980; x_wconf 81' lang='lat' dir='ltr'><strong>cap.</strong></span> <span class='ocrx_word' id='word_1_266' title='bbox 885 2909 950 2980; x_wconf 78' lang='lat'><strong>36.)</strong></span> <span class='ocrx_word' id='word_1_267' title='bbox 972 2912 1061 2963; x_wconf 76' lang='lat' dir='ltr'><strong>omnic</strong></span> <span class='ocrx_word' id='word_1_268' title='bbox 1082 2911 1127 2962; x_wconf 81' lang='lat' dir='ltr'><strong>ho-</strong></span> 
     </span>
     <span class='ocr_line' id='line_1_34' title="bbox 131 2986 1127 3067; baseline 0 -27"><span class='ocrx_word' id='word_1_269' title='bbox 131 2995 209 3040; x_wconf 86' lang='lat' dir='ltr'><strong>nesta</strong></span> <span class='ocrx_word' id='word_1_270' title='bbox 230 2987 302 3064; x_wconf 80' lang='lat' dir='ltr'><strong>uitae</strong></span> <span class='ocrx_word' id='word_1_271' title='bbox 321 2989 392 3040; x_wconf 80' lang='lat' dir='ltr'><strong>ratio</strong></span> <span class='ocrx_word' id='word_1_272' title='bbox 414 2986 584 3067; x_wconf 46' lang='lat' dir='ltr'><strong>etfaniuerea</strong></span> <span class='ocrx_word' id='word_1_273' title='bbox 606 2991 669 3042; x_wconf 79' lang='lat' dir='ltr'><strong>honi</strong></span> <span class='ocrx_word' id='word_1_274' title='bbox 695 2992 785 3060; x_wconf 82' lang='lat' dir='ltr'><strong>operio</strong></span> <span class='ocrx_word' id='word_1_275' title='bbox 812 2999 947 3043; x_wconf 82' lang='lat' dir='ltr'><strong>structura</strong></span> <span class='ocrx_word' id='word_1_276' title='bbox 974 2991 1030 3043; x_wconf 74' lang='lat' dir='ltr'><strong>tttts</strong></span> <span class='ocrx_word' id='word_1_277' title='bbox 1053 2989 1127 3043; x_wconf 78' lang='lat' dir='ltr'><strong>inniti</strong></span> 
     </span>
     <span class='ocr_line' id='line_1_35' title="bbox 132 3067 479 3140; baseline -0.003 -19"><span class='ocrx_word' id='word_1_278' title='bbox 132 3067 326 3140; x_wconf 80' lang='lat' dir='ltr'><strong>quodammodo</strong></span> <span class='ocrx_word' id='word_1_279' title='bbox 347 3067 479 3120; x_wconf 77' lang='lat' dir='ltr'><strong>videatur.</strong></span> 
     </span>
    </p>

    <p class='ocr_par' dir='ltr' id='par_1_6' title="bbox 130 3145 1126 3616">
     <span class='ocr_line' id='line_1_36' title="bbox 193 3145 1124 3218; baseline 0 -19"><span class='ocrx_word' id='word_1_280' title='bbox 193 3146 342 3200; x_wconf 88' lang='lat' dir='ltr'><strong>Dividitur</strong></span> <span class='ocrx_word' id='word_1_281' title='bbox 364 3147 457 3199; x_wconf 83' lang='lat' dir='ltr'><strong>autem</strong></span> <span class='ocrx_word' id='word_1_282' title='bbox 474 3145 592 3217; x_wconf 86' lang='lat' dir='ltr'><strong>justitia</strong></span> <span class='ocrx_word' id='word_1_283' title='bbox 609 3165 625 3201; x_wconf 84' lang='lat' dir='ltr'><strong>a</strong></span> <span class='ocrx_word' id='word_1_284' title='bbox 641 3151 668 3203; x_wconf 84' lang='lat' dir='ltr'><strong>S.</strong></span> <span class='ocrx_word' id='word_1_285' title='bbox 684 3145 807 3204; x_wconf 86' lang='lat' dir='ltr'><strong>Doctore</strong></span> <span class='ocrx_word' id='word_1_286' title='bbox 829 3158 936 3218; x_wconf 79' lang='lat' dir='ltr'><strong>quaest.</strong></span> <span class='ocrx_word' id='word_1_287' title='bbox 959 3147 1009 3210; x_wconf 80' lang='lat'><strong>61.</strong></span> <span class='ocrx_word' id='word_1_288' title='bbox 1034 3157 1085 3203; x_wconf 88' lang='lat' dir='ltr'><strong>art.</strong></span> <span class='ocrx_word' id='word_1_289' title='bbox 1101 3146 1124 3200; x_wconf 89' lang='lat' dir='ltr'><strong>l.</strong></span> 
     </span>
     <span class='ocr_line' id='line_1_37' title="bbox 131 3226 1126 3296; baseline 0 -16"><span class='ocrx_word' id='word_1_290' title='bbox 131 3227 163 3280; x_wconf 88' lang='lat' dir='ltr'><strong>in</strong></span> <span class='ocrx_word' id='word_1_291' title='bbox 195 3226 428 3296; x_wconf 82' lang='lat' dir='ltr'><strong>commutativam</strong></span> <span class='ocrx_word' id='word_1_292' title='bbox 457 3234 483 3279; x_wconf 88' lang='lat' dir='ltr'><strong>et</strong></span> <span class='ocrx_word' id='word_1_293' title='bbox 515 3227 739 3282; x_wconf 81' lang='lat' dir='ltr'><strong>distributivam.</strong></span> <span class='ocrx_word' id='word_1_294' title='bbox 789 3230 908 3284; x_wconf 73' lang='lat' dir='ltr'><strong>lustitia</strong></span> <span class='ocrx_word' id='word_1_295' title='bbox 939 3227 1126 3282; x_wconf 86' lang='lat' dir='ltr'><strong>distributiva</strong></span> 
     </span>
     <span class='ocr_line' id='line_1_38' title="bbox 130 3303 1124 3379; baseline 0.003 -22"><span class='ocrx_word' id='word_1_296' title='bbox 130 3304 264 3375; x_wconf 79' lang='lat' dir='ltr'><strong>illaesi,</strong></span> <span class='ocrx_word' id='word_1_297' title='bbox 294 3320 367 3373; x_wconf 87' lang='lat' dir='ltr'><strong>quae</strong></span> <span class='ocrx_word' id='word_1_298' title='bbox 390 3303 498 3360; x_wconf 78' lang='lat' dir='ltr'><strong>dividit</strong></span> <span class='ocrx_word' id='word_1_299' title='bbox 518 3315 546 3360; x_wconf 89' lang='lat' dir='ltr'><strong>et</strong></span> <span class='ocrx_word' id='word_1_300' title='bbox 566 3307 717 3362; x_wconf 86' lang='lat' dir='ltr'><strong>distribuit</strong></span> <span class='ocrx_word' id='word_1_301' title='bbox 736 3322 868 3379; x_wconf 86' lang='lat' dir='ltr'><strong>munera,</strong></span> <span class='ocrx_word' id='word_1_302' title='bbox 897 3308 1009 3374; x_wconf 77' lang='lat' dir='ltr'><strong>officia,</strong></span> <span class='ocrx_word' id='word_1_303' title='bbox 1033 3323 1124 3374; x_wconf 86' lang='lat' dir='ltr'><strong>onera,</strong></span> 
     </span>
     <span class='ocr_line' id='line_1_39' title="bbox 132 3383 1125 3459; baseline 0.004 -24"><span class='ocrx_word' id='word_1_304' title='bbox 132 3384 213 3435; x_wconf 86' lang='lat' dir='ltr'><strong>bona</strong></span> <span class='ocrx_word' id='word_1_305' title='bbox 234 3390 261 3435; x_wconf 88' lang='lat' dir='ltr'><strong>et</strong></span> <span class='ocrx_word' id='word_1_306' title='bbox 281 3383 341 3436; x_wconf 85' lang='lat' dir='ltr'><strong>alin</strong></span> <span class='ocrx_word' id='word_1_307' title='bbox 361 3384 471 3438; x_wconf 84' lang='lat' dir='ltr'><strong>similia</strong></span> <span class='ocrx_word' id='word_1_308' title='bbox 493 3385 709 3441; x_wconf 85' lang='lat' dir='ltr'><strong>communitatis</strong></span> <span class='ocrx_word' id='word_1_309' title='bbox 736 3388 860 3459; x_wconf 81' lang='lat' dir='ltr'><strong>alicujus</strong></span> <span class='ocrx_word' id='word_1_310' title='bbox 885 3387 1005 3456; x_wconf 88' lang='lat' dir='ltr'><strong>propria</strong></span> <span class='ocrx_word' id='word_1_311' title='bbox 1027 3403 1125 3442; x_wconf 85' lang='lat' dir='ltr'><strong>secun·</strong></span> 
     </span>
     <span class='ocr_line' id='line_1_40' title="bbox 134 3456 1123 3535; baseline 0.008 -25"><span class='ocrx_word' id='word_1_312' title='bbox 134 3456 202 3511; x_wconf 86' lang='lat' dir='ltr'><strong>dum</strong></span> <span class='ocrx_word' id='word_1_313' title='bbox 217 3462 443 3528; x_wconf 86' lang='lat' dir='ltr'><strong>proportionem,</strong></span> <span class='ocrx_word' id='word_1_314' title='bbox 466 3477 551 3532; x_wconf 86' lang='lat' dir='ltr'><strong>quam</strong></span> <span class='ocrx_word' id='word_1_315' title='bbox 569 3474 676 3519; x_wconf 86' lang='lat' dir='ltr'><strong>vocant</strong></span> <span class='ocrx_word' id='word_1_316' title='bbox 690 3461 908 3535; x_wconf 83' lang='lat' dir='ltr'><strong>geometricam:</strong></span> <span class='ocrx_word' id='word_1_317' title='bbox 941 3465 972 3520; x_wconf 88' lang='lat' dir='ltr'><strong>id</strong></span> <span class='ocrx_word' id='word_1_318' title='bbox 996 3475 1040 3519; x_wconf 89' lang='lat' dir='ltr'><strong>est</strong></span> <span class='ocrx_word' id='word_1_319' title='bbox 1061 3482 1123 3520; x_wconf 88' lang='lat' dir='ltr'><strong>eon·</strong></span> 
     </span>
     <span class='ocr_line' id='line_1_41' title="bbox 133 3534 1120 3616; baseline 0.012 -30"><span class='ocrx_word' id='word_1_320' title='bbox 133 3534 288 3590; x_wconf 85' lang='lat' dir='ltr'><strong>siderando</strong></span> <span class='ocrx_word' id='word_1_321' title='bbox 300 3551 357 3592; x_wconf 91' lang='lat' dir='ltr'><strong>uon</strong></span> <span class='ocrx_word' id='word_1_322' title='bbox 370 3541 462 3594; x_wconf 88' lang='lat' dir='ltr'><strong>solum</strong></span> <span class='ocrx_word' id='word_1_323' title='bbox 473 3543 602 3598; x_wconf 80' lang='lat' dir='ltr'><strong>valorem</strong></span> <span class='ocrx_word' id='word_1_324' title='bbox 614 3553 642 3598; x_wconf 90' lang='lat' dir='ltr'><strong>et</strong></span> <span class='ocrx_word' id='word_1_325' title='bbox 653 3546 842 3616; x_wconf 83' lang='lat' dir='ltr'><strong>quantitatem</strong></span> <span class='ocrx_word' id='word_1_326' title='bbox 854 3547 995 3600; x_wconf 88' lang='lat' dir='ltr'><strong>bonorum</strong></span> <span class='ocrx_word' id='word_1_327' title='bbox 1007 3547 1120 3600; x_wconf 90' lang='lat' dir='ltr'><strong>illorum</strong></span> 
     </span>
    </p>
   </div>
   <div class='ocr_carea' id='block_1_5' title="bbox 0 0 1186 3870">
    <p class='ocr_par' dir='ltr' id='par_1_7' title="bbox 0 0 1186 3870">
     <span class='ocr_line' id='line_1_42' title="bbox 0 0 1186 3870; baseline 0 0"><span class='ocrx_word' id='word_1_328' title='bbox 0 0 1186 3870; x_wconf 95' lang='lat' dir='ltr'><strong> </strong></span> 
     </span>
    </p>
   </div>
  </div>
 </body>
</html>
