2356 3870
334 115 371 168 ur
391 115 537 174 urserunt
558 117 746 173 mereris.
984 101 1047 170 375

93 234 224 292 Dicitur
246 235 272 292 3.
295 237 438 305 ptruDeua
458 253 557 293 summe
578 239 815 310 compesceretis
836 239 959 312 diligitur
974 257 1047 312 prce

23 323 94 384 pter
117 333 150 370 ae
175 316 276 386 ι’]ιιιιιιι,
299 315 377 384 quia,
399 323 431 370 ut
451 322 526 370 recte
548 316 625 377 dixit
646 317 673 380 S.
695 317 859 374 Bernardus
880 318 912 374 in
935 326 1045 375 tractat.

30 394 66 448 de
92 393 260 465 diligendo
282 391 356 462 Deo,
378 395 615 464 couruds'lipcndi
634 396 734 460 Deum,
756 395 833 452 Deua
854 407 912 466 ηις
943 401 1044 460 modus,

27 477 167 544 diliqera.
180 475 243 528 aine
259 475 349 532 ‚moda
385 473 468 540 Quod
484 473 600 545 quidem
616 476 714 544 fusius.
729 476 807 530 inira
820 473 1025 546 explicabitur.
1121 475 1124 482 ’

95 555 227 609 Dicitur
248 553 275 610 t.
297 562 322 618 et
337 556 610 624 proeimuaproptcr
622 555 717 622 Deum,
741 553 774 609 id
795 563 835 612 est
856 564 975 628 propter
995 557 1047 614 bo·

26 651 107 689 num
129 633 289 700 divinum,
319 632 448 702 quadiu
469 634 602 716 proximo
625 633 731 704 elucet,
754 635 800 688 vel
823 634 859 690 ed
882 635 960 706 quod
981 651 1050 706 pro-

21 716 134 768 ximus
158 719 276 768 creatus
297 720 348 768 est.
482 765 486 770 ,
720 775 721 784 χ
980 765 993 774 .,

100 795 179 852 Qum
203 798 297 848 autem
312 791 348 846 de
361 791 417 848 bac
430 791 623 851 ,nobilissima
641 793 747 850 virtute
761 793 888 862 plurima
903 791 1046 862 disputari

27 875 161 930 soleant
175 865 380 943 runcando
396 883 449 927 nos
463 871 512 928 hic
526 871 685 944 praecipua
706 871 903 930 tautummodo
925 878 952 928 et
973 873 1047 953 scitu

29 951 340 1025 magisnecessaria,
369 965 406 1004 ex
427 965 524 1007 eorum
553 951 698 1006 communi
720 959 748 1004 ct
768 959 885 1022 recepta
903 951 1048 1024 doctrina,

31 1032 219 1104 praesertim
243 1044 280 1084 ex
301 1029 353 1098 iis,
382 1045 456 1100 quae
477 1029 557 1100 apud
578 1031 605 1084 S.
629 1030 779 1092 Doctorum
805 1038 918 1102 quaest.
938 1031 985 1086 23.
1008 1029 1049 1086 24

31 1121 63 1168 et
88 1127 155 1180 seq.
178 1110 271 1165 fusius
292 1109 490 1179 explicantur,
512 1109 674 1182 seligemus.
830 1177 833 1184 ι

100 1190 136 1245 2.
180 1188 384 1264 Primumcst,
406 1189 553 1244 caritatem
574 1204 632 1244 non
654 1188 739 1244 modo
764 1203 832 1252 esse,
846 1189 979 1243 virtutem
1002 1206 1049 1241 su·
1092 1215 1096 1222 -

32 1269 267 1341 permaturalem
287 1268 491 1339 theologicam,
520 1269 638 1324 caeteris
667 1267 801 1324 omnibus
826 1267 1049 1339 quibuscunque
1078 1269 1081 1274 “

33 1348 209 1406 virtutibus
230 1345 443 1418 perfectiorem,
464 1354 495 1402 ut
516 1349 578 1404 lusa
600 1348 777 1420 demonstrat
798 1349 825 1402 S.
847 1347 969 1415 Ductor,
996 1343 1048 1402 sed

34 1431 137 1486 etiam
159 1443 223 1484 csse
247 1429 375 1497 ipsarum
403 1427 543 1484 virtutum
571 1427 663 1484 veluti
690 1427 824 1494 formam,
854 1427 884 1480 in
907 1432 1047 1498 quantum

36 1511 164 1566 scilicet
196 1507 260 1562 illis
287 1507 427 1566 ultimam
450 1513 478 1562 et
508 1507 678 1576 completam
701 1506 916 1576 perfectionem
949 1519 1047 1560 aarum

38 1597 129 1646 actus
150 1586 192 1641 ad
211 1586 346 1650 ultimum
369 1586 452 1640 duem
475 1587 600 1655 perfecte
622 1585 784 1644 ordinando
807 1585 918 1640 tribuit.

105 1665 279 1730 Secundum,
303 1672 361 1731 est,
394 1665 542 1721 caritatem
573 1681 635 1720 esse
665 1680 791 1723 amorem
823 1681 881 1722 non
909 1666 1048 1742 concupi,-¹

36 1749 178 1804 scentiae
199 1750 249 1800 aut
264 1743 412 1810 desiderii,
434 1743 484 1798 sed
502 1759 635 1804 veresas
649 1746 793 1815 perfectae
814 1747 969 1814 amicitiae,
989 1760 1048 1816 quo

39 1829 131 1898 prius
153 1839 172 1878 a
194 1825 264 1893 Deo,
285 1825 355 1878 licet
375 1824 437 1878 siue
458 1825 528 1880 ullis
549 1825 654 1881 uostris
675 1825 785 1880 meritis
806 1826 904 1892 amati,
927 1823 1047 1895 ejusque
1101 1859 1104 1864 ·

40 1905 201 1961 beneflciis
222 1904 389 1972 praeventi,
414 1903 509 1971 ipsum
531 1903 660 1958 vicissim
682 1903 861 1961 redamemus
883 1919 917 1959 ac
938 1917 1048 1961 summe

42 1985 203 2054 diligimus
224 1989 342 2052 propter
362 1981 519 2040 bonitatem
541 1983 649 2052 ipsius,
676 1998 732 2039 uon
762 1999 819 2054 qua
845 1981 930 2038 uobis
951 1983 1046 2038 bonus

43 2073 88 2120 est
112 2079 146 2118 ac
167 2062 325 2130 beneficus,
347 2061 397 2117 sed
418 2077 476 2130 qua
496 2063 527 2116 in
549 2077 579 2116 se
600 2062 713 2132 induite
727 2062 819 2117 bonus
841 2063 1046 2131 supertectus,

41 2160 76 2198 ac
99 2142 228 2212 proinde
249 2141 363 2194 induite
385 2139 542 2212 diligibilis
564 2149 619 2207 est,
646 2157 710 2198 curn
733 2141 779 2210 (nt
799 2141 943 2210 inprimi
963 2147 1048 2208 parte
1114 2157 1117 2162 ’

45 2231 130 2279 tract.
153 2221 182 2275 2.
212 2237 273 2289 cap.
304 2219 332 2274 2.
362 2219 470 2276 dictum
499 2220 569 2290 est),
600 2219 745 2290 quidquid
769 2221 910 2278 creaturis
936 2217 1048 2294 bonum

44 2310 100 2356 aut
117 2301 279 2370 perlectum
303 2307 360 2364 est,
388 2301 435 2360 rel
457 2315 517 2354 esse
539 2295 646 2369 potest,
674 2299 705 2354 id
728 2316 810 2359 omne
831 2301 861 2354 in
885 2299 960 2366 Deo,
987 2299 1047 2356 imo

44 2380 165 2450 aliquid
197 2379 338 2432 infinities
369 2379 472 2432 mellus
505 2393 538 2434 au
568 2381 725 2450 perfectius
757 2381 934 2449 reperiatur,
969 2375 1048 2451 quod

46 2463 133 2514 illum
158 2461 237 2514 omni
259 2473 354 2512 amore
377 2457 578 2528 dignissimum
600 2459 696 2512 elficit.

109 2541 138 2597 3.
183 2538 313 2602 Tertium
342 2545 399 2603 cst,
429 2537 557 2590 caritatis
586 2546 665 2592 actus
692 2539 765 2592 alios
794 2552 853 2596 csse
874 2537 1046 2605 imperatos,

50 2619 151 2687 quales
175 2625 242 2672 sunt
262 2617 319 2682 illi,
342 2617 393 2686 qui
414 2632 465 2685 per
486 2617 578 2685 ipsius
598 2617 724 2672 caritatis
745 2617 898 2686 imperium
913 2629 1048 2670 exercen-

52 2706 110 2764 tur,
137 2704 171 2752 ut
193 2712 258 2750 curn
280 2697 344 2766 quis
368 2695 419 2750 dat
439 2697 649 2766 eleemosynam
678 2697 802 2764 pauperi
827 2711 885 2750 non
907 2692 992 2751 modu
1013 2701 1048 2752 ut.
1075 2761 1076 2765 η
1127 2704 1128 2708 ’

50 2775 113 2843 ejus
134 2776 327 2846 indigentiam
350 2775 495 2840 sublevet,
525 2775 575 2830 sed
595 2775 762 2845 praesertim
786 2782 819 2828 ut
840 2775 900 2829 Deo
921 2773 1060 2846 placeat,¹

51 2855 154 2924 illique
184 2871 264 2924 opus,
290 2860 401 2924 gratum
434 2847 590 2920 exhibeat,
613 2855 696 2918 alios,
727 2869 796 2920 vero
829 2855 958 2924 elicitos,
995 2854 1057 2924 qui.

50 2933 136 2988 illiue
153 2935 268 3003 proprii
289 2941 365 2999 sunt,
388 2940 415 2986 et
436 2948 472 3004 err
493 2933 554 3003 ejus
575 2933 688 2987 formali
705 2933 814 2990 motivo
832 2935 1066 3004 concipiuntur„
1169 2961 1170 2964 ι

49 3014 203 3084 siquibus
226 3014 311 3068 homo
333 3011 490 3074 confertur,
507 3027 573 3083 erga
594 3011 684 3070 Deum
709 3021 737 3066 ut
759 3030 868 3074 summe
898 3013 1060 3080 dilectum„
1160 3081 1162 3084 Ι

49 3095 108 3147 sire
130 3109 183 3162 per
204 3093 341 3146 unionem
363 3094 524 3158 affectuum,
546 3091 623 3149 idem
640 3091 764 3148 volendo
780 3093 858 3164 quod
880 3094 944 3146 vult
959 3091 1052 3156 Deus,

51 3171 108 3240 ejus
130 3167 301 3242 praccepta,
332 3169 455 3232 consilis
483 3179 509 3225 et
538 3172 610 3240 alia,
639 3187 828 3242 quaecunque
852 3171 900 3225 illi
919 3171 1049 3240 placent,

53 3253 212 3320 appetendo
234 3245 262 3304 et'
283 3249 466 3321 exequendo,
497 3266 552 3304 non
577 3251 635 3304 alia
659 3253 794 3317 ratione,¹
814 3249 872 3304 nisi
894 3255 924 3302 ut
945 3247 1048 3301 voluu-

54 3339 134 3386 tatem
156 3346 239 3405 suarp
263 3329 380 3384 divinae
402 3331 554 3396 voluntati,
574 3344 659 3399 quam
681 3329 889 3398 perfectissime
917 3329 1000 3384 uniat
1020 3332 1051 3380 et

55 3412 229 3476 conformem
266 3411 327 3464 sive
346 3410 501 3502 perviam
528 3407 761 3476 benevolentiae,
790 3423 847 3477 qua
868 3407 928 3464 Deo
949 3405 1051 3461 omnia

53 3486 124 3546 bona
144 3491 233 3558 velit,
252 3505 326 3560 quae
343 3490 406 3558 'ipsi
426 3488 507 3542 velle.
524 3495 627 3562 potest,
651 3485 729 3552 bona
750 3485 867 3558 quidem
889 3487 1053 3558 intrinseca
