2282 3876
135 168 197 242 did
311 168 332 222 ὃ
429 164 509 236 ‘aa
524 181 791 235 reuertamur

135 299 337 376 irregularitas
356 281 764 372 emlrouricidiovvcluntaric,
785 292 837 362 sed
853 304 940 360 edam
952 318 988 360 er
999 304 1096 368 1111111,
1125 285 1126 326 3

136 385 215 458 qood
236 382 346 442 accidit
364 382 879 454 praeter,intentionemoccideutis,
900 383 926 438 si
947 381 1097 438 debitadili-

78 486 81 495 ¹
136 465 235 536 gestia
255 463 392 530 adhibita,
410 463 557 528 noadaia
578 475 654 533 quae
668 462 694 516 si
708 460 841 516 adhibita
855 464 964 526 fuisset,
978 460 1097 531 vejusmodi

20 579 30 600 .
136 542 328 605 homicidium
353 550 504 614 sequutum
532 557 590 598 nou
618 543 735 607 fuisseta
768 541 848 612 qaod
872 551 901 596 et
931 542 1052 596 similiter
1071 539 1096 592 de

135 623 321 681 mutilatione
342 621 498 678 dicendam
526 631 583 678 est:
613 621 693 692 quod
721 621 844 691 quidem·
864 621 959 681 uariis
987 621 1093 688 crenplis

136 704 266 774 explicat
287 701 406 759 'I'oletus
427 717 489 770 sap.
512 716 586 772 quae
608 701 687 770 apud
706 701 792 755 illum
813 701 911 756 rideri
931 706 1049 771 possunt

532 807 766 930 W.-

367 965 426 1028 Quo
446 965 567 1018 rodono
565 965 684 1019 rodatur
702 965 930 1034 irraqaloritoa.

199 1051 396 1170 l.Quatuor
416 1094 512 1150 modis
538 1053 603 1150 tolli
628 1103 724 1166 potest
748 1096 981 1166 irregularitas,
993 1096 1101 1150 cimirun

137 1178 320 1248 susceptione
341 1175 500 1244 Baptismi,
527 1177 707 1245 professione
728 1177 880 1246 religiosa,
913 1177 1051 1232 ablatione
1067 1189 1126 1227 seu

138 1259 295 1312 remotione
316 1269 419 1314 causae
440 1261 469 1308 et
486 1253 716 1324 dispensatione
726 1255 998 1326 legitima·

197 1339 251 1412 Per
270 1335 449 1403 Baptismam
470 1335 584 1390 tollitur
605 1335 724 1404 quaevis
736 1335 947 1404 irregularitas
964 1351 1002 1391 ex
1021 1333 1103 1387 delicto

66 1419 70 1423 '
134 1406 321 1490 vpraeveniens,
341 1414 389 1472 rel
401 1413 450 1493 (ut
462 1414 553 1485 magis
567 1415 686 1483 proprie
700 1412 864 1496 loquamur)
881 1431 938 1484 per
954 1414 1101 1484 Baptismun

95 1489 103 1494 '¹
136 1493 184 1563 lit,
212 1503 245 1551 ut
270 1493 437 1562 baptizatus
457 1494 580 1548 nullam
590 1491 722 1556 incurrat
738 1494 983 1564 irregularitatem
1008 1493 1102 1553 delicte

135 1591 217 1644 rana,
239 1588 312 1646 qnae
333 1579 399 1626 aute
412 1571 598 1642 Baptismuru
612 1573 769 1640 commisit3
792 1588 849 1628 non
870 1574 952 1628 tollit
972 1587 1036 1627 sero
1053 1574 1102 1626 irre

136 1656 328 1726 saluritatem,
350 1666 423 1720 quaa
438 1655 529 1708 orttur
541 1667 579 1708 ex
593 1651 717 1719 defectu,
738 1653 765 1709 si
778 1659 843 1722 post
857 1653 1035 1722 Baptismum
1047 1651 1102 1704 iden

137 1730 265 1789 defertur
286 1737 439 1784 remaneat.
634 1746 637 1754 Δ

195 1813 250 1866 Per
269 1809 478 1882 professionem
496 1810 664 1882 religiosam
686 1809 796 1866 tollitur
817 1811 1001 1867 solummodo
1020 1811 1094 1878 irroga
1094 1836 1101 1846 ·

115 1891 247 1954 'latitas
254 1905 295 1945 ex
313 1887 427 1947 defectu
447 1891 588 1953 natalium
602 1891 778 1960 proveniens
800 1890 897 1960 quoad
915 1891 1045 1955 Ordines,
1062 1901 1101 1940 nou

132 1987 204 2029 roro
226 1967 323 2043 quoad
339 1967 541 2038 Praelaturas,
569 1975 602 2024 ut
627 1969 749 2030 habetur
775 1985 838 2040 cap
856 1969 883 2026 1
904 1970 942 2026 de
964 1971 1031 2032 tiliis
1044 1969 1126 2024 Pres

136 2051 353 2122 hyterorum

194 2132 333 2202 Aufertar
353 2097 439 2184 etiam
457 2128 666 2200 irregularitas
676 2143 715 2184 ex
705 2085 848 2184 defecto
863 2129 1038 2199 proveniens
1054 2124 1100 2179 suo

135 2181 196 2267 laia
224 2225 327 2276 musa,
355 2207 393 2263 ob
421 2223 507 2278 quam
533 2208 627 2262 fuerat
651 2207 787 2266 inducta:
817 2208 1099 2280 v.g„tollitur'1rro

132 2289 273 2361 galeritus
295 2303 332 2345 ex
353 2287 467 2346 defectu
487 2288 589 2350 aetatis
609 2287 791 2356 proveniens,
812 2303 864 2358 per
885 2287 1039 2343 adventura
1051 2283 1100 2353 legi-

136 2367 223 2430 timae
237 2367 348 2434 aetatis,
363 2375 391 2422 et
404 2367 447 2420 sic
462 2366 498 2420 de
512 2367 588 2434 aliis,
603 2373 635 2420 ut
649 2365 732 2428 docet
743 2365 891 2440 Bonaeina
906 2383 935 2438 q.
949 2370 976 2422 5.
992 2371 1075 2437 punct
1081 2359 1100 2414 1.

194 2446 223 2504 2.
265 2447 390 2502 Domum*
408 2445 522 2503 tollitur
540 2446 737 2522 irregularitas
756 2462 808 2516 pcr
825 2446 1063 2516 dispensationem
1073 2443 1099 2493 le

134 2528 287 2600 gitinrour,
310 2533 396 2596 atque
422 2527 455 2580 in
475 2525 582 2596 primis
599 2540 727 2582 summas
747 2525 883 2586 Pontifex
911 2540 981 2596 pro
993 2534 1099 2593 suprema

39 2600 42 2606 ’
129 2608 317 2672 authoritate,
338 2620 424 2676 quaru
444 2607 484 2666 iu
498 2607 663 2664 universam
683 2605 843 2662 Ecclesiam
864 2605 988 2676 obtinet,
1009 2604 1098 2671 disper·

97 2679 196 2753 'asaro
216 2687 325 2756 potest
320 2685 373 2738 in
371 2683 486 2756 quatis
507 2685 748 2758 irregularitate,
756 2700 828 2755 quae
844 2684 913 2755 J’ure
935 2687 1051 2740 hnmano
1066 2681 1126 2738 1α

134 2757 281 2822 traducta
287 2771 340 2834 est,
361 2771 394 2819 ut
413 2779 451 2828 ea
470 2763 615 2824 communi
634 2764 789 2820 Doctorum
810 2777 953 2819 consensu
976 2751 1126 2820 (11111ΒΜ

133 2842 400 2914 naeinapunct.l.
420 2851 450 2900 11
468 2848 637 2900 constater
664 2844 727 2910 his,
754 2858 832 2914 quae
862 2843 941 2901 dicta
969 2850 1030 2898 sunt
1050 2851 1126 2904 sup

134 2939 200 2994 cap·
221 2923 259 2978 do
279 2924 402 2996 legibus
468 2939 493 2974 .;.

112 3052 116 3058 .
147 3003 355 3072 Episcopus
372 3004 464 3062 etiam
486 2981 653 3072 dispensare
673 2973 776 3072 potest
788 3018 852 3057 cum
873 3004 934 3060 suis
952 2967 1094 3057 subdititia

133 3082 395 3155 irregularitatibus
416 3081 654 3154 provenientibus
674 3097 711 3142 ex
730 3081 838 3136 delicto
864 3083 992 3150 occulto,
1019 3077 1048 3134 id
1069 3077 1093 3127 ot

131 3178 170 3220 ex
192 3163 309 3231 delicm,
329 3161 410 3232 quod
431 3177 497 3222 aon
510 3169 551 3218 est
569 3161 722 3231 publicum
743 3177 795 3218 seu
807 3163 951 3216 notoriam
965 3161 995 3216 in
1010 3157 1126 3212 ratione

132 3239 253 3310 delicti,
266 3260 300 3298 e.
312 3261 343 3314 g.
360 3243 386 3296 si
407 3243 472 3312 qais
493 3240 595 3334 maJ'ori
613 3241 909 3297 excommunicatione
924 3235 1095 3304 occulteliga·

131 3328 177 3374 tus
198 3307 317 3391 publice
338 3321 473 3387 celebret,
496 3327 537 3376 11
544 3323 569 3374 si
583 3321 734 3378 contrahat
746 3321 992 3392 irregularitatem,
1011 3311 1126 3416 poterit

113 3397 325 3466 episcopos
316 3415 348 3452 ru
368 3399 425 3456 illa
445 3398 630 3468 dispensare,
644 3402 728 3470 quia,
744 3399 817 3454 11111
835 3399 987 3462 celebratio
1006 3397 1040 3450 sit
1055 3377 1126 3464 pu

131 3471 234 3601 lapara,
218 3475 386 3538 ,delictum
408 3484 501 3532 tamen
522 3485 650 3538 nonest
664 3477 848 3596 publicum,
852 3488 892 3534 nt
918 3477 1036 3548 explicat
1053 3472 1126 3525 Bo

114 3570 116 3582 v
172 3562 238 3650 cua
258 3567 320 3664 sup
