2384 3868
454 105 492 149 oa
513 105 669 151 sarrano.
1015 89 1057 158 87

62 229 91 282 S.
113 227 277 298 Cyprianus
306 227 389 296 epist.
409 225 456 281 63.
486 225 523 280 ad
551 225 748 297 tuliparum,
784 227 811 282 S.
833 227 892 282 Leo
918 229 1001 299 epist.
1017 227 1057 300 4.,

59 308 286 378 §.Augustinus
313 306 377 362 loco
403 307 536 376 proxime
562 307 649 362 citato
670 313 771 362 coutrs
790 306 1000 374 Maximinum,
1028 317 1057 365 et

55 387 155 458 plures
177 385 242 441 alii.

117 465 265 522 observet
293 471 388 520 auteur
414 463 444 520 S.
460 464 567 521 Ductor
591 471 642 520 art.
659 465 686 520 5.
708 463 747 520 ad
767 463 793 519 7.
818 481 982 538 expressam
1003 465 1057 523 Pe·

57 547 124 614 tris,
145 543 276 611 scirtii,
298 552 326 598 et
339 543 465 614 Spiritus
486 543 580 600 sancti
600 545 773 600 montionem
795 552 823 599 ot
842 547 1056 604 invocationem

54 626 203 680 informa
225 623 514 694 Baptismiesseite
540 625 748 692 necessariam,
779 632 813 680 ut
836 625 861 679 si
890 625 955 695 quis
983 626 1055 680 elias

56 719 139 761 voees
161 704 302 777 quemvis
323 703 402 758 idem
424 703 618 774 significantes
640 703 805 770 adhiberet,
834 710 866 759 ut
891 707 914 759 si
937 704 1056 771 diceret,

56 786 87 840 iu
106 783 230 840 nornine
253 781 418 849 Genitoris,
440 789 468 837 ct
488 781 602 851 (leniti,
625 790 652 837 et
673 782 710 839 ab
723 783 1056 856 utr'oqucProcodentis,

55 864 239 935 baptismum
261 869 357 918 umen
378 862 498 917 minime
511 863 675 933 perficeret,
697 863 876 934 quodetiam
891 871 958 936 post
970 863 1056 918 iilum

58 942 162 999 docent
182 943 287 1014 plures
310 942 380 1010 alii,
403 955 474 1012 quos
491 943 563 997 citat
583 942 687 998 Suaros
709 941 784 1012 disp.
800 941 847 998 31.
870 949 938 998 ιιιι.
954 942 981 998 4.

120 1023 202 1076 Dices
224 1023 327 1076 Actor.
342 1020 371 1075 8.
393 1021 508 1088 reterri,
538 1019 616 1092 qood
644 1025 674 1077 iu
696 1023 812 1078 nomine
834 1021 941 1078 Christi
961 1022 1058 1094 bapti·

65 1099 199 1156 rebantur
220 1100 280 1154 viri
304 1113 339 1154 ac
360 1099 511 1168 mulieres,
533 1117 592 1156 nou
614 1117 681 1173 ergo
701 1102 732 1156 in
753 1101 871 1156 nomino
892 1101 1002 1170 Petris,
1028 1109 1057 1158 et

61 1180 139 1248 litii,
160 1191 190 1236 et
211 1181 342 1250 Spiritus
364 1179 466 1236 saucii.

114 1261 143 1315 3.
177 1259 385 1328 Respondetur
399 1257 424 1312 1.
446 1259 599 1328 probabile
621 1274 698 1326 esse,
721 1259 800 1331 quod
813 1258 898 1316 docet
912 1259 940 1314 S.
953 1259 1055 1314 Thoan.

61 1349 109 1394 art
125 1340 152 1394 o.
182 1340 222 1393 ad
254 1338 280 1394 1.
302 1337 462 1407 Apostolos
486 1337 519 1392 id
548 1353 584 1392 ex
612 1339 733 1410 speciali
761 1339 938 1394 revolutione
963 1345 992 1394 et
1012 1337 1057 1394 di·

61 1420 245 1500 sponsatioue
265 1417 354 1472 initio
375 1418 517 1474 nubentis
536 1417 685 1474 Ecclesiae
705 1417 868 1491 aliquando
886 1419 1003 1488 iecisse,
1024 1425 1057 1474 ιιι

58 1515 160 1554 nomen
184 1493 313 1562 Christi,
342 1496 422 1566 quod
448 1504 508 1552 erat
527 1498 659 1555 odiosum
681 1497 804 1554 Judsois
826 1505 911 1570 atque
933 1498 1057 1554 Gentili-

57 1577 126 1645 hus,
148 1576 327 1632 honorabile
348 1573 523 1632 redderetur

115 1616 144 1711 4.
191 1654 442 1725 Βιιιιιιιᾱιιιιιι.
464 1655 648 1726 probabilius
667 1655 763 1710 adhue
784 1656 879 1712 videri
899 1601 1056 1728 Apostolos

54 1753 210 1808 nunquam
232 1735 263 1789 in
287 1735 377 1789 solius
400 1735 507 1790 Christi
528 1738 644 1792 nomine
664 1735 845 1808 baptizasse,
871 1751 936 1791 curn
957 1736 1057 1792 nullut

56 1817 250 1887 antiquorum
265 1814 383 1870 Patruus
403 1813 449 1882 (ut
464 1815 598 1870 observat
611 1814 742 1885 vesques
757 1815 832 1886 disp.
844 1811 908 1870 143.
926 1831 988 1886 cap.
1001 1814 1055 1889 3.),

57 1897 111 1966 qui
131 1894 288 1965 Apostolis
311 1901 360 1948 aut
380 1909 477 1950 eorum
499 1893 653 1964 discipulis
675 1897 908 1965 contemporanei
930 1897 1056 1966 luerunt,

56 1976 140 2029 illius
172 1973 372 2028 revelationis·
395 1981 444 2028 aut
475 1973 701 2044 dispensationis
731 1973 905 2030 mentionem
935 1975 1056 2043 iecerit3

54 2054 116 2109 imo
144 2053 176 2108 S.
193 2054 328 2108 Clemens
355 2052 408 2107 lib.
424 2052 452 2106 2.
480 2054 576 2108 Const.
599 2055 700 2123 Apoat.
723 2069 747 2108 ι.
762 2052 810 2109 33.
853 2055 882 2109 Β.
896 2055 1059 2124 Dionysius

56 2147 120 2203 cap.
137 2133 167 2188 3.
198 2131 311 2188 Euclea.
326 2131 474 2187 Hierarch.
502 2132 679 2189 §.lustinus
701 2134 826 2205 Apolog.
841 2132 868 2188 3.
890 2149 944 2204 pro
965 2134 1058 2191 forma

57 2212 224 2283 baptismi,
247 2212 332 2267 trium
354 2225 541 2281 personarum
564 2212 760 2268 sanctissimae
775 2212 928 2267 Trinitatis
941 2227 1058 2282 expres-

58 2293 172 2347 sionem
203 2291 306 2345 divino
333 2299 486 2361 praecepto
506 2291 677 2346 serrandum
699 2307 760 2347 esse
782 2291 948 2359 declarant,
977 2289 1057 2362 quod

59 2371 147 2426 etiam
170 2372 203 2426 in
227 2385 290 2424 can.
304 2369 343 2424 48
356 2368 445 2424 etat.
466 2369 672 2442 Apostolorum
694 2371 910 2442 praescribitur.

118 2451 219 2518 Quare
248 2449 326 2519 quod
355 2447 476 2517 dicitur,
505 2449 661 2521 Apostolos
689 2451 855 2520 baptizasse
881 2451 911 2504 iu
940 2447 1057 2504 nomine

60 2529 188 2596 Christi,
210 2527 434 2601 intelligendum
457 2536 514 2598 est,
543 2529 707 2600 baptizasse
729 2530 901 2586 authoritate
922 2543 956 2585 ec
976 2535 1058 2600 pote-

59 2617 133 2664 state
155 2608 253 2680 ipsius
275 2609 398 2675 Christi,
426 2623 483 2678 quo
508 2623 594 2662 seusu
614 2608 650 2662 do
671 2608 855 2664 credentibus
874 2611 906 2664 in
929 2605 1059 2664 redixit

60 2687 140 2745 idem
171 2687 319 2742 Christus:
361 2687 395 2741 le
420 2689 525 2742 nomiae
551 2703 610 2742 seeo
638 2689 780 2742 doemonia
807 2689 914 2759 ejles'eet
940 2687 1056 2759 (Metth.

60 2769 115 2824 ult.
136 2766 236 2838 cap),
263 2767 310 2821 vel
331 2766 496 2838 baptizasse
516 2768 546 2821 iu
576 2768 692 2822 nomine
714 2768 835 2835 Christi,
866 2769 935 2839 qnia
961 2768 1060 2838 bapti-

64 2855 162 2902 zantes
190 2846 394 2915 exprimebant
421 2861 524 2902 nomeu
545 2845 612 2902 Filii
633 2846 720 2902 simol
741 2863 805 2902 curn
827 2847 943 2904 nomine
964 2847 1058 2902 Patris

63 2933 91 2982 et
111 2927 239 2996 Spiritus
260 2927 371 2994 sancti,
400 2931 432 2980 ut
458 2927 599 2997 iutelligit
624 2927 652 2980 S.
668 2926 805 2998 Cypriae.
829 2929 913 2997 epist.
927 2925 976 2985 73.
1006 2926 1059 2980 ubi

65 3006 215 3076 explicans
237 3005 266 3060 S.
282 3006 361 3060 Petri
382 3005 473 3060 verba
491 3006 556 3060 Act.
571 3005 599 3060 2.
630 3005 791 3077 Baptizatur
810 3009 990 3078 enusquisque
1011 3021 1059 3059 oe-

64 3095 147 3140 strum
167 3088 195 3138 ιιι
216 3087 323 3145 emine
343 3085 423 3149 Jesss,
447 3087 489 3140 sic
510 3085 570 3140 ait·
605 3084 671 3138 Jesss
694 3085 794 3139 Christi
814 3089 971 3142 mentionem
984 3085 1061 3156 furit

65 3165 174 3230 Petrus,
195 3182 250 3219 noe
272 3167 353 3236 quusi
374 3163 458 3219 Peter
478 3166 655 3228 mitteretur,
678 3167 726 3218 ιιι
745 3175 775 3218 et
794 3167 875 3220 Petri
892 3174 995 3237 quoque
1009 3163 1061 3215 Fi·

65 3246 116 3300 ltus
134 3246 337 3316 cdj.rsrspes·etrsr

454 3427 665 3446 u--n——h
