2384 3868
149 113 192 186 58
493 133 532 176 66
549 129 799 176 6666666666.-

150 261 264 312 sanctos
291 254 408 308 Petrum
436 260 465 306 et
491 253 634 308 -Joanusm
654 249 813 306 Samariam
835 251 965 320 venisse,
993 251 1027 307 ut
1053 243 1168 324 bapti-

151 331 348 392 zatistanus
363 325 560 402 imponerent3
582 345 640 402 quo
656 345 692 386 ex
705 332 770 388 loco
786 331 970 386 Innocentius
982 332 1012 386 l.·
1021 333 1120 402 epist.
1135 333 1167 388 2.

151 415 188 470 ad
210 411 503 480 1166661166161661,
525 425 582 465 non
606 410 643 464 ab
665 411 723 466 alia
744 425 832 485 quatu
853 411 890 466 ab
910 407 1061 482 Episcopo
1076 414 1169 468 Con-

151 493 323 550 firmationis
345 493 560 547 Sacramentum
582 505 642 545 esse
664 489 878 546 coniereadum.
965 503 971 518 ··

154 597 159 603 -
211 571 301 627 Docet
328 579 423 626 tamen
452 571 480 626 S.
496 570 680 625 ’16666661
699 568 745 624 11.
771 569 857 624 661.
887 571 1186 628 6666661661666,

151 669 202 708 seu
233 651 414 725 delegatione
446 651 550 704 summi
583 649 747 716 Pontificio,
779 651 1013 706 confirmationis
1047 648 1166 706 Saura-

150 739 279 788 mentum
300 745 384 801 passu
405 745 423 784 a
443 729 741 800 simplicisacerdote
762 729 938 798 ministraris
960 729 1040 802 quod
1063 731 1186 787 etiarn¹

150 812 258 885 probat
285 823 321 864 ex
347 811 423 866 iacto
452 811 480 866 S.
502 809 636 880 Gregorii
664 809 792 880 Magni,
809 811 859 880 qui
887 825 950 864 curu
979 811 1166 880 accepisset,

140 889 307 949 «Sardiniae
334 887 522 959 Presbyteros
551 889 642 942 solere
669 887 828 960 baptisatis
853 885 923 943 dare
950 889 1168 947 Confirmatio-

151 982 232 1040 asm,
254 965 288 1023 ru
308 985 356 1026 eos
375 969 408 1022 in
421 975 568 1038 posterum
583 969 676 1023 iacere
689 967 849 1037 prohibuit,
871 974 903 1022 61
916 969 1042 1024 habetur
1051 969 1118 1024 tib
1135 971 1186 1032 3.

152 1050 282 1124 registri,
314 1049 397 1118 epist.
414 1048 448 1116 93
471 1056 500 1102 at
527 1063 591 1102 cunr
613 1061 649 1100 ex
669 1048 724 1104 bac
743 1045 942 1116 prohibitione
961 1061 1014 1103 sua
1035 1063 1186 1122 compe

151 1131 251 1196 risset,
273 1128 442 1184 scandalum
464 1126 614 1201 aliquod·
606 1143 636 1182 m
658 1127 768 1196 populo
790 1133 921 1182 exortum
942 1128 1050 1194 faisse,
1074 1135 1113 1182 ut
1130 1126 1186 1184 id

152 1201 296 1288 lacerent,
317 1201 417 1278 pastea
438 1209 592 1273 concessit,
616 1200 646 1260 ut
666 1214 779 1260 constat
800 1213 835 1260 ex
851 1208 934 1276 epist.
948 1207 995 1261 21.
1019 1205 1186 1290 ejusdem

150 1283 239 1356 libri,
262 1295 290 1342 et
310 1290 341 1342 iu
364 1287 440 1341 decr.
463 1287 534 1360 Eug
557 1298 691 1354 expresse
712 1284 836 1352 dicitur,
852 1303 907 1356 per
926 1288 1095 1356 apostolicae
1112 1305 1165 1342 se-

153 1371 202 1424 cis
223 1360 448 1438 depracationem
476 1383 508 1419 aa
535 1366 693 1419 rationabili
721 1375 745 1418 ct
773 1368 881 1434 arpenti
903 1367 1046 1420 admodum
1068 1349 1186 1460 casua³

152 1449 298 1517 simplicem
326 1448 490 1500 sacerdotem
520 1446 669 1498 chrismate
692 1461 746 1514 per
765 1445 932 1514 Episcopum
958 1443 1080 1516 confecto
1109 1426 1186 1502 boc³

151 1524 354 1582 Sacramentum
376 1525 996 1594 0666666661(611666666661661616166666.
1183 1507 1186 1541 ²

212 1607 257 1659 Etr
286 1604 392 1676 quibus
421 1604 546 1660 Consilii
575 1604 678 1658 verbis
699 1603 862 1674 colligitur,
892 1603 987 1674 quod,
1016 1608 1160 1676 quamvis
1185 1668 1186 1678 ³

152 1685 278 1756 simplex
305 1685 438 1740 sacerdos
464 1699 500 1738 cx
522 1682 739 1752 dispensatione
761 1685 874 1740 summi
888 1681 1037 1738 Pontifleis
1059 1688 1162 1754 possit
1185 1683 1186 1701 ³

151 1764 379 1819 extraordinarie
409 1763 641 1818 Confirmationis
672 1763 886 1817 Sacramentum
915 1765 1060 1832 conferre,
1093 1777 1159 1820 non

150 1850 245 1922 potest
266 1853 359 1898 tamen
382 1858 494 1897 sacrum
509 1842 643 1896 Clirisnra
664 1841 816 1908 conicere,
839 1841 890 1896 sed
906 1843 965 1898 hoc
987 1859 1101 1913 semper
1118 1861 1159 1898 ex

149 1930 291 2001 perpetua
311 1921 459 1976 Ecclesiae
480 1923 565 1991 praxi
586 1923 732 1992 Episcopo
754 1922 809 1976 soli
828 1930 1007 1976 reservatam
1024 1925 1097 1989 fuit,
1123 1927 1186 1978 ut

151 1995 818 2108 (1666161666661166161666166(11666661
835 2001 895 2055 6.
1175 2002 1186 2026 ¹

135 2088 136 2092 ’
157 2081 237 2136 2
262 2081 365 2149 Quod
386 2088 498 2151 spectat
513 2074 556 2134 ad
585 2082 670 2135 ritum
699 2079 785 2151 hujus
814 2081 1007 2146 Sacramenti,
1036 2067 1186 2154 praeter³

149 2177 203 2229 ea,
230 2175 302 2232 quaa
329 2161 378 2216 1111
407 2175 443 2216 ex
468 2161 652 2216 institutione
673 2158 775 2213 divina
794 2161 962 2214 essentialia
983 2167 1066 2227 sunt,
1096 2161 1186 2217 lic-³

149 2241 239 2299 616616
267 2239 306 2295 ad
328 2241 470 2312 majorem
499 2241 720 2310 suscipientium
749 2235 932 2294 devotionern
964 2227 1186 2296 excitandam³

150 2319 289 2392 quasdam
310 2321 497 2390 praescripsit
519 2321 694 2376 ceremonias
716 2319 747 2372 iu
770 2318 832 2390 ejus
848 2311 1101 2375 administratione
1119 2337 1156 2376 aa

150 2401 335 2470 susceptione
357 2399 561 2455 observandas.
811 2443 814 2448 .
868 2427 874 2434 ι

209 2480 307 2534 Prima
328 2488 387 2546 est,
408 2487 441 2532 at
462 2479 539 2532 adsit
560 2484 708 2547 susceptor
729 2491 778 2532 seu
800 2477 947 2570 patrinus,
974 2479 1025 2549 qai
1046 2465 1186 2562 coufin³

148 2558 286 2615 mandam
310 2561 408 2612 offerat
429 2557 592 2627 Episcopo,
623 2560 733 2610 ratione
762 2556 845 2627 cujus
867 2559 1060 2650 susceptionis
1081 2545 1186 2644 con-³

148 2639 273 2696 trahitur
295 2637 456 2707 spiritualis
479 2637 603 2690 affinitas
626 2636 731 2690 similis
743 2636 808 2701 illi,
832 2635 867 2692 (16
883 2652 940 2706 qua
954 2639 985 2690 16
1002 2621 1186 2707 bsptism0³

149 2717 259 2774 dictum
288 2724 338 2770 est.
379 2717 431 2770 Est
460 2724 554 2770 autern
582 2717 654 2770 haec
681 2716 845 2770 ceremonia
866 2717 1087 2786 antiquissima,
1118 2725 1153 2774 ut

68 2849 71 2853 ,
149 2803 261 2852 constat
282 2812 318 2850 ex
339 2797 429 2849 uariis
452 2795 1052 2864 6666616666(116611166666666666116,
1077 2811 1153 2868 quae

150 2877 277 2935 citantur
297 2873 481 2942 6116611666,
505 2891 542 2928 66
559 2875 726 2944 6666666116
746 2889 782 2930 cx
797 2890 859 2929 cau.
875 2873 996 2946 Siquis,
1019 2875 1150 2934 (1161611.

149 2949 198 3026 tiu.
216 2950 242 3008 1.
263 2955 295 3007 16
318 2956 591 3026 quopraecipitur,
609 2962 652 3018 ¹,ut
673 2955 747 3026 viri,
774 2953 932 3024 66111166
958 2956 1094 3024 proprios
1119 2956 1151 3010 in

150 3031 374 3089 Confirmatione
396 3036 555 3096 tenuerint,
579 3033 675 3104 quoad
695 3049 778 3086 usum
801 3033 893 3099 thori,
921 3043 1091 3100 separentur
1111 3035 1150 3089 ab

149 3113 308 3180 uxoribus,
345 3117 463 3183 propter
491 3113 660 3168 affinitatem
682 3113 801 3168 scilicet
828 3113 1026 3181 spiritualem,
1061 3129 1150 3185 quarn

151 3200 371 3256 contrastantium
401 3201 429 3252 61
451 3192 566 3250 diversa
587 3193 697 3246 ratione
718 3207 780 3246 cau.
802 3193 914 3246 Dictum
934 3201 974 3246 est
994 3193 1055 3261 ibi,
1085 3193 1152 3265 qni-

149 3271 272 3326 busdam
294 3273 443 3339 foeminis,
467 3283 540 3343 qliae
561 3271 763 3327 fraudulenter
781 3268 858 3326 lilios
880 3273 1012 3342 proprios
1027 3274 1058 3326 in
1073 3273 1152 3328 Con·

68 3389 72 3398 (
149 3352 312 3408 firmatione
333 3359 500 3418 tenuerant,
526 3359 557 3406 ut
579 3361 612 3406 66
633 3358 784 3424 praetextu
805 3367 822 3405 a
841 3352 914 3406 uiris
936 3361 1149 3423 separarentur,

119 3500 122 3506 Ι
148 3428 313 3514 injungitur
327 3431 445 3502 quidem
458 3428 654 3502 poenitentia,
668 3429 845 3552 prohibetur
858 3437 970 3500 tamen,
987 3445 1033 3488 66
1043 3447 1061 3486 6
1074 3433 1150 3486 uiris

149 3509 327 3580 separentur.
986 3551 988 3554 -

1184 2385 1186 2418 i
