2348 3868
178 162 242 232 tte
538 181 576 226 nr
592 179 801 226 1011111111.

176 297 284 358 velint
297 316 411 370 eornm,
441 315 516 374 quae
538 301 574 357 ab
593 299 803 372 ipsissimam
823 299 980 370 declarari,
1006 308 1085 372 utque
1101 301 1141 354 cia

178 385 380 438 cumstantias'
398 382 604 445 notabiliores,
640 395 713 452 qnae
743 395 797 450 por
825 395 857 436 ae
884 383 984 436 statim
1017 380 1141 435 memoriae

176 459 342 529 occurrunt,
362 469 393 516 et
405 475 436 515 se
451 463 529 531 ipsas
543 461 613 514 satis
627 460 777 516 evidenter
789 459 927 530 produnt,
948 462 979 515 in
994 461 1140 516 confessione

177 543 338 613 explicent,
359 541 455 611 parati
475 541 585 596 sincere
598 555 641 594 ac
660 539 809 594 humiliter
833 539 1006 610 respondere
1027 540 1062 592 ad
1078 540 1140 592 inter·

179 629 279 694 rogata
300 619 472 689 Sacerdotis,
493 619 575 690 cujus
596 626 641 673 est
660 619 830 691 dignoscere
854 621 1078 675 circumstantias
1093 618 1139 670 illu

177 702 342 758 necessario
363 699 570 770 explicandas,
599 699 636 752 de
656 699 751 769 iisqne
771 699 966 769 poenitentem
986 699 1138 768 interrogare,

182 788 213 836 nt
229 788 333 852 'postea
352 779 417 834 loeo
441 793 493 832 ano
515 778 636 832 dicetur.
735 805 739 812 ·

239 863 266 914 5.
309 859 433 926 Quaeres
462 873 499 912 an
526 860 679 926 poenitens
706 863 837 912 teneatur
863 859 949 913 etiam
974 857 1106 912 declarare
1119 855 1137 906 iu

177 939 359 996 confessione
380 938 610 992 circumstantias
630 937 712 1004 illas,
741 939 961 1007 quaespeciem
982 936 1087 1007 peccati
1101 948 1138 986 ron

178 1024 306 1085 mutant,
331 1015 384 1071 secl
403 1016 482 1072 illud
502 1015 671 1072 notabiliter
692 1024 858 1088 aggravant.
900 1017 980 1072 Duae
1002 1022 1064 1070 sunt
1081 1027 1137 1082 super

177 1097 232 1152 bac
260 1111 290 1153 re
322 1098 472 1168 oppositae
502 1097 578 1152 inter
608 1111 638 1150 se
666 1095 879 1166 (theologorum
909 1097 1080 1155 sententiae:
1105 1089 1138 1144 alii

178 1176 341 1248 siquitem,
369 1177 502 1249 quamvis
530 1176 711 1242 existiment,
741 1176 882 1244 optimum
903 1181 936 1230 et
952 1173 1138 1230 saluberrimum

162 1269 257 1324 pesse,
287 1255 517 1312 circumstantias
545 1256 613 1308 illae
642 1254 819 1310 notabiliter*
840 1263 1027 1327 aggravantes
1047 1254 1073 1306 iu
1095 1263 1139 1304 con·

178 1337 305 1390 masiano
321 1335 476 1402 declarare,
498 1341 606 1405 negant
625 1341 721 1388 tamen
735 1335 916 1404 poenitentes
937 1334 975 1389 ad
995 1334 1027 1388 iu
1039 1327 1139 1399 obligari.

179 1416 224 1470 Ita
237 1415 415 1482 Palatinum,
435 1412 594 1480 Adrianus,
615 1412 770 1479 Navarrua,
793 1412 921 1481 Mediae,
944 1413 1092 1477 Poeantius,
1104 1407 1138 1461 Re

177 1495 326 1567 ginaldus,
347 1493 488 1563 Vasquea,
509 1500 538 1547 et
556 1495 655 1562 plures
677 1493 730 1548 alii
751 1491 830 1562 apud
850 1494 1027 1548 Bonacinam
1047 1490 1107 1557 disp.
1122 1485 1138 1538 5·

179 1589 208 1644 q.
230 1573 258 1627 4.
280 1581 349 1628 sect.
371 1572 399 1625 4.
420 1577 519 1641 punct.
541 1572 569 1626 3.
599 1573 650 1642 qni
673 1573 759 1627 etlam
781 1587 834 1642 pro
856 1573 911 1628 illa
931 1575 1002 1628 citat
1022 1571 1047 1626 S.
1068 1570 1138 1622 Docto

179 1667 250 1706 rem.
280 1653 346 1707 *Alii
361 1668 376 1707 e
391 1658 491 1706 contra
505 1659 636 1706 asserunt
651 1652 1060 1707 circumstantiasnotabiliter
1071 1657 1138 1718 aggte

178 1739 280 1786 rantes
303 1745 362 1786 esse
383 1732 414 1785 in
437 1731 616 1787 confessione
637 1729 836 1786 declarandas.
870 1731 914 1786 ita
934 1732 1084 1794 Mamilius,
1100 1722 1139 1777 Me

176 1809 242 1882 fior,
265 1813 375 1877 Scotus,
399 1811 510 1876 Canus,
534 1811 635 1866 suares
657 1819 683 1865 et
705 1811 773 1877 alii,
799 1825 871 1884 qnos
892 1813 979 1866 refert
999 1818 1027 1866 et
1044 1804 1139 1876 sequitat

177 1887 409 1946 Gammachaens
431 1903 493 1959 cap.
514 1884 737 1946 1011111111.
761 1888 787 1962 ς.
812 1888 837 1944 1.
861 1879 1139 1946 011101101110111

181 1969 284 2024 scribit
304 1971 390 2027 etiam
411 1967 586 2026 Isanabertua
602 1969 690 2040 ‘disp
715 1969 760 2024 te.
783 1985 808 2022 1.
833 1968 879 2025 11.
901 1985 1021 2042 eamque
1039 1961 1138 2038 pluribus

178 2049 342 2106 rationibus
363 2056 537 2120 propugnat.
579 2049 716 2116 Quamvis
738 2055 833 2105 aulem
858 2051 984 2118 priorem
1005 2041 1138 2104 sententian

179 2128 305 2185 maxime
325 2128 509 2199 probabilem
530 2130 737 2194 existimemus,
759 2135 819 2184 tum
839 2136 957 2199 propter
977 2125 1139 2184 authoritatem

180 2209 353 2276 Doctorum,
383 2209 435 2280 qni
451 2219 524 2262 'eam
551 2216 683 2277 tuentur,
713 2215 773 2262 tum
801 2209 888 2262 etiam
916 2210 985 2279 quia
1006 2201 1139 2265 ‹Concilinu

182 2287 386 2342 Tridentinum
414 2303 481 2342 sess.
505 2285 550 2342 14.
580 2303 643 2357 cap.
665 2291 692 2342 5.
719 2288 950 2342 circumstantias
979 2272 1139 2342 tantumnoit

179 2369 308 2436 speciem
335 2368 448 2436 peccati
473 2374 615 2421 mutantes
635 2368 668 2420 in
690 2368 869 2422 confessione
897 2365 1078 2424 declarandas
1099 2364 1139 2410 esec

177 2445 262 2514 elicit,
286 2447 368 2502 nulla
388 2446 465 2501 11011
484 2447 630 2503 mentione
650 2448 930 2502 circumstantiarum
954 2447 1074 2509 illarum,
1092 2443 1140 2507 1111

182 2525 382 2584 tantummodo
404 2523 574 2578 notabiliter
595 2534 761 2597 aggravant,
786 2524 866 2596 qnod
887 2533 982 2582 tamen
1004 2526 1088 2580 dicere
1103 2523 1140 2600 all

179 2607 336 2672 omisisset,
359 2604 385 2657 si
406 2605 599 2660 neceesarium
619 2619 680 2659 csso
696 2604 877 2675 judicasset:
908 2606 1074 2660 contrariam
1090 2592 1140 2650 niht-

181 2681 308 2740 loml'nus
323 2684 494 2738 sententiam
515 2682 611 2738 adbuc
624 2683 863 2753 probabiliorem,
887 2692 915 2738 et
935 2687 967 2739 in
980 2685 1062 2755 praxi
1079 2683 1140 2748 quau·

180 2769 244 2816 tum
277 2764 342 2818 fieri
379 2764 485 2831 poterit
518 2764 672 2818 tenendam
707 2763 903 2830 arbitramur3
943 2759 1139 2834 poenitentetlue

180 2842 414 2896 circumstantias
436 2842 607 2898 notabiliter
633 2852 821 2914 aggravantes
850 2842 956 2898 debere
977 2838 1104 2899 confiteri,
1122 2829 1138 2878 ll

183 2937 202 2973 a
224 2921 428 2991 consenserim,
457 2930 543 2992 prout
564 2923 683 2992 spiritus
705 2931 733 2977 et
752 2922 909 2992 prudentia
933 2919 1103 2996 suggesserit,
1117 2905 1138 2958 ‘¹⁸

180 2999 290 3054 iisdem
317 3001 536 3072 interrogandos
565 3017 644 3070 esse;
675 3003 713 3057 ob
741 3018 803 3058 eam
830 3005 1001 3074 praesertim
1027 3001 1137 3057 retentu

185 3078 264 3151 quod
294 3079 358 3134 aine
390 3079 507 3134 illarum
538 3081 818 3137 circumstantiarum
849 3083 955 3136 notitia
984 3083 1035 3136 rix
1061 3069 1139 3149 possiti

186 3159 361 3216 Confesserii
383 3159 559 3232 dignoscere,
582 3163 683 3232 quales
703 3169 731 3216 01
743 3167 874 3231 ¹quantas
898 3162 1093 3218 satisfactiones
1108 3147 1139 3200 sut

184 3241 380 3295 restitutiones
401 3238 568 3312 injungere,
596 3256 670 3311 quae
691 3239 819 3295 remedia
838 3255 1014 3310 proponere,
1041 3244 1081 3294 aut
1096 3237 1139 3284 ⁰⁰³·

179 3321 253 3372 silla
276 3319 494 3388 'poenitentibus
524 3335 674 3392 suggerere
701 3319 845 3387 debeant3
878 3321 963 3375 aliter
994 3321 1065 3377 enim
1088 3295 1140 3366 haud

183 3395 274 3451 dubie
295 3413 324 3452 se
346 3413 443 3468 gerere
465 3398 551 3452 debet
566 3400 768 3454 'confessarius
791 3396 855 3452 cum
876 3413 919 3466 eo,
945 3401 997 3470 qui
1016 3386 1139 3458 1101111ι

181 3475 239 3542 qni
268 3475 404 3532 diuturno
432 3484 559 3546 tempore
587 3478 617 3530 in
645 3479 758 3547 peccati
789 3478 914 3549 alicujus
943 3494 1030 3534 coeno
1059 3465 1137 3546 brosii}

181 3552 271 3609 aliter
291 3569 356 3610 cum
377 3556 447 3622 illo,
476 3557 528 3625 qui
549 3571 586 3611 ex
606 3559 687 3626 gravi
708 3565 736 3611 01
756 3558 916 3612 inveterato
943 3558 1026 3624 odio,
1052 3559 1092 3610 ant
1106 3551 1137 3615 <1¹¹¹
