2282 3876
133 153 199 222 626
526 167 734 215 nroacsonta.

135 295 189 365 qui
208 288 420 360 seit-quidem,
448 287 587 344 delictum
616 287 735 358 aliquod
763 305 825 346 erre
852 290 953 344 diviua
970 290 1029 360 lega
1047 288 1102 342 reti·

135 383 214 441 tum,
243 370 294 426 aad
322 369 432 435 nescit,
459 367 540 424 illud
566 382 627 422 erae
655 383 771 438 quoqne
798 369 835 424 ab
856 367 1101 437 Ecclesia-speciali

135 452 199 523 lege
213 448 411 520 prohibitum:
434 448 460 504 si
475 445 613 505 delictum
629 447 704 502 illud
720 449 889 515 committat,
912 449 1037 520 quamvis
1048 448 1102 502 ulio

137 533 210 602 quin
238 530 365 602 graviter
393 535 507 596 peccet,
537 527 649 584 nnllam
677 535 775 584 tamen
802 543 952 596 censuram
972 529 1099 591 incurrere,

116 618 170 665 =ut
193 611 331 666 Doctores
350 621 437 677 supra
458 607 539 662 citati
561 606 674 660 docent.

197 687 281 756 Quod
302 695 396 742 antem
417 686 691 755 etiarn‘igncnantia
711 686 780 742 iacti
803 703 855 741 aen
882 688 1030 758 qualitatis
1050 685 1098 738 iacti

137 776 257 825 excuset
277 783 294 820 n
314 765 443 840 canturio
463 765 658 831 incurrendis,
680 774 813 821 esserunt
833 767 923 822 iidem
947 767 1098 821 Doctorrsct

108 897 110 905 ι
135 851 236 920 plures
258 847 312 902 alii
332 845 412 916 apud
438 843 564 900 eundem
591 845 784 900 Benacinam:
811 853 839 900 et
866 853 981 902 conant
1005 854 1055 900 tun
1077 859 1101 897 er

138 943 201 999 cap.
222 927 256 980 st
275 937 338 980 aero
358 923 386 978 Ἀ
410 922 446 980 de
467 932 540 978 rent.
560 929 701 980 ncomm-
727 935 788 979 tum
809 926 896 980 etiam
913 942 956 980 ex
976 941 1022 994 eo,
1045 921 1103 993 quod

136 1005 281 1079 quamodi
302 1005 374 1060 iacti
394 1005 443 1059 rel
462 1003 613 1074 qualitatis
635 1004 703 1058 laeti
732 1005 897 1076 ignorantia
922 1004 1104 1062 interveniente

131 1087 220 1143 nulla
240 1099 355 1156 qnoque
377 1082 455 1140 tdrit
475 1082 619 1140 adversor
634 1083 795 1140 Ecclesiam
824 1085 1020 1143 contumacia:
1046 1081 1104 1136 unde

133 1171 229 1236 patet,
259 1164 413 1234 eum,·qui
434 1162 575 1220 occiderit
593 1161 794 1230 ‚Sacerdotem
821 1173 928 1233 putans
951 1179 980 1221 se
999 1161 1104 1218 madere

92 1241 108 1254 ”
134 1246 282 1302 hominem
303 1244 428 1310 laicum,
448 1243 582 1313 quamvis
603 1243 730 1314 graviter
750 1251 865 1312 peccet,
890 1260 957 1299 ncn-
973 1253 1057 1297 tamer
1074 1242 1105 1294 in·

134 1339 251 1382 ‚carrera
272 1322 608 1378 excommunicationem.

196 1403 290 1460 Addit
308 1401 385 1460 idem
407 1401 556 1458 Βοιιιιοίιιι
576 1416 618 1461 ex,
634 1401 736 1467 snare,
749 1399 886 1458 Navarra
907 1410 939 1457 et
961 1402 1104 1470 aliisquo

134 1486 222 1549 citat,
244 1483 332 1538 etiam
352 1481 545 1552 ignorantiam
567 1495 686 1549 poenae,
708 1481 740 1536 id
761 1491 973 1549 calcaneum,
994 1492 1104 1536 mensur

135 1561 261 1632 abipsa
281 1575 401 1618 censura
421 1559 611 1615 incurrendo:
634 1577 661 1613 v.
677 1577 704 1630 g.
727 1561 822 1628 illum,
845 1563 898 1632 qui
911 1563 1001 1616 sciret
1012 1559 1102 1630 quiden

135 1639 302 1700 Sacerdotis
322 1640 538 1708 percursionem
566 1655 628 1696 esar
657 1639 758 1696 divina
785 1655 816 1696 se
843 1641 1038 1696 ecelesiastica
1058 1640 1102 1707 lege

131 1719 331 1791 prohibitam,
358 1717 410 1774 aed
437 1719 598 1790 ignoraret,
624 1720 679 1774 snb
704 1720 1014 1776 excommunicationis
1031 1729 1102 1788 poert

127 1797 313 1871 prohibitam
334 1808 410 1864 etse,
433 1799 458 1852 ni
480 1794 662 1857 Sacerdotem
681 1799 852 1869 percutiat,
865 1802 999 1870 qumvis
1018 1805 1102 1870 peceat,
1126 1855 1127 1876 ἶ

135 1879 248 1936 unllam
269 1884 362 1935 tomen
384 1872 532 1934 incurrero
553 1879 888 1939 excommunicationem
1126 1879 1127 1884 ’

139 1991 155 2020 ι,
181 1957 223 2022 ,2.
272 1955 405 2022 Secunda
432 1973 519 2013 causa
545 1963 687 2015 excusans
714 1958 752 2013 ab
781 1959 967 2024 incurrendis
999 1956 1100 2013 cenantis

102 2099 106 2110 ,
131 2047 179 2096 ert
199 2037 358 2108 appellatio
374 2036 457 2108 juste
477 2045 506 2091 et
525 2035 626 2092 debite
645 2039 739 2106 factm
764 2054 838 2110 qnae
859 2046 957 2094 umen
980 2054 1058 2094 musa
1072 2035 1099 2087 le

134 2134 201 2174 oum
221 2117 309 2172 habet
328 2115 511 2175 solummodo
532 2117 563 2170 in
586 2118 715 2179 censuris
735 2117 815 2184 illis,
844 2133 915 2188 qnae
946 2119 1000 2174 aab
1025 2113 1100 2170 condi·

135 2199 214 2255 tione
242 2198 387 2254 teruntur:
421 2204 452 2252 ut
480 2195 597 2267 qnando
623 2195 718 2266 judex
748 2197 796 2252 vel
820 2198 978 2254 ¹Praelatus
1006 2194 1099 2250 inieritr

134 2277 279 2348 praecipit
306 2276 396 2330 alicui
424 2274 478 2330 snb
506 2275 742 2338 interminatione
770 2281 923 2346 censurae,
955 2285 987 2332 ut
1011 2269 1100 2344 aliqud

135 2356 225 2411 iaciat
244 2356 291 2409 vel
313 2357 443 2423 omittat3
472 2356 502 2408 in
524 2353 668 2426 ejusmodi
689 2358 765 2410 enirn
787 2371 889 2424 eausa,
917 2359 945 2416 ai
967 2351 1099 2426 appellatio

135 2435 173 2490 ad
194 2434 372 2505 superiorem
393 2433 444 2488 ilat
463 2442 528 2489 aute
550 2435 726 2492 conditionis
751 2436 832 2491 illius
861 2438 1043 2506 positionem,
1066 2447 1099 2484 cx·

135 2513 250 2571 curabit
270 2513 307 2580 ad
328 2513 503 2591 incurrendo
524 2529 654 2580 mesura,
675 2530 734 2570 non
755 2531 824 2576 vero
846 2517 871 2572 si
891 2524 1039 2590 postquam
1051 2525 1098 2566 ocn-

136 2595 286 2650 ditio-illa
305 2594 401 2664 posita
423 2594 517 2649 fuerit.
550 2591 595 2648 Ita
609 2595 764 2663 sylvester,
787 2595 960 2666 Heuriqnes,
982 2593 1099 2648 Navarrns

133 2683 162 2730 et
189 2674 288 2745 plures
317 2673 369 2730 alli
397 2672 477 2744 apud
504 2673 681 2730 Bonaeinam
711 2691 816 2744 supra:
845 2666 869 2730 e.
888 2693 918 2746 g.
948 2671 1099 2746 praecipitur

134 2754 226 2825 aliern
247 2752 301 2808 rob
322 2768 416 2822 poena
433 2754 741 2810 excommunicationis
753 2756 818 2825 ipro
833 2755 911 2810 iacto
923 2748 1098 2810 incurrendae,

133 2840 166 2888 ut
186 2840 353 2902 compareat
372 2847 469 2894 coram
483 2829 588 2903 jndice
609 2833 805 2891 eeclesiastico
826 2835 903 2888 iutra
923 2825 1098 2894 aresetensi

131 2911 185 2972 ah,
200 2926 236 2965 ea
248 2947 251 2952 -
262 2913 405 2966 sententia
430 2926 466 2966 ex
493 2903 580 2968 enisa
600 2913 701 2982 aliqua
715 2912 890 2969 rationabili
911 2915 1036 2985 appellet
1052 2915 1097 2962 ano

61 3032 66 3040 .
134 3001 192 3047 tres
211 2991 280 3048 illos
302 2991 364 3046 dies
386 2993 532 3061 expletos,
555 2993 715 3062 appellatio
736 2989 873 3063 impedit,
905 2994 1052 3064 quonism
1067 2987 1093 3039 ir

135 3079 232 3128 currat
255 3070 599 3139 excommunicationem
633 3087 691 3128 uon
717 3071 840 3144 impedit
867 3081 977 3140 autem,
1005 3073 1028 3126 si
1050 3069 1091 3138 pol

135 3161 192 3228 tres
213 3151 281 3206 illos
304 3147 366 3220 dies
388 3151 616 3222 appellationem
641 3151 763 3212 differat.
793 3217 795 3222 Ι

194 3229 239 3286 3..
265 3229 364 3292 Tertia
385 3246 472 3288 canae
491 3237 534 3288 est
554 3233 726 3300 impotentia
746 3232 778 3286 id
799 3231 942 3298 faciendi,
969 3228 1041 3302 quod
1057 3220 1094 3278 sub

134 3319 271 3364 censurae
286 3307 411 3379 alicujus
424 3311 660 3368 interminatione
674 3311 837 3368 iaciendum
851 3311 1036 3382 praecipitur:
1052 3303 1095 3358 citt

123 3385 305 3451 impotentia
325 3388 379 3444 illa
399 3390 439 3442 sit
458 3389 597 3458 physica,
620 3391 689 3444 aive
709 3391 829 3450 moralia
848 3399 971 3456 tautum,
1001 3379 1095 3458 quando

94 3459 96 3466 '
134 3461 246 3514 scilieet
267 3465 375 3533 aliquis
396 3467 444 3520 vel
463 3467 648 3535 nullomodo,
678 3469 726 3524 vel
753 3470 816 3525 sine
843 3471 924 3542 gravi
950 3469 1040 3538 eliqm
1062 3462 1094 3514 in

133 3539 283 3606 oommodo
301 3541 337 3594 id
357 3543 450 3599 iacere
470 3560 529 3599 ncn
549 3554 670 3616 potesta
690 3549 774 3618 quod.
789 3549 921 3609 similiter
934 3547 999 3608 ¹dici
1017 3542 1094 3602 tebet
