2384 3868
143 187 186 258 36
531 202 746 248 na-aarmsuo.
1182 241 1187 278 ]

147 328 229 384 illam
257 342 274 380 a
296 325 408 382 Christo
430 323 553 378 Domino
574 323 725 392 Apostolis
753 337 786 376 ac
807 321 861 378 toti
881 321 1030 376 Ecclesiae
1051 322 1141 377 tradi·
1181 323 1187 358 ²

148 417 205 462 tam
226 406 314 460 fuisse
337 404 365 458 S.
379 403 480 458 Mettis.
497 401 544 459 28.
572 403 619 456 his
646 401 759 456 verbis:
800 401 906 456 Euates
933 403 1024 456 docete
1049 419 1141 456 omues
1180 426 1187 436 -

144 495 252 558 pentes,
280 485 447 554 baptizantes
468 499 513 536 eos
534 483 562 534 ia
582 484 687 538 momine
708 481 815 545 Patris,
845 489 872 536 et
890 481 969 545 Filii,
999 491 1026 534 et
1045 481 1141 553 Spiri-
1179 484 1187 553 i

147 576 191 620 tus
209 566 306 620 sancti.
812 606 814 610 .
1180 565 1187 600 ἲ

206 645 240 698 In
262 659 319 716 qua
340 641 456 713 quidem
477 642 569 696 terma
589 641 716 710 exprimi
736 639 823 695 debet
842 641 937 710 primo
956 639 1031 694 actio
1044 639 1142 710 ipsius
1177 636 1188 682 s

145 722 291 791 Ministri,
312 729 344 776 ut
364 721 448 777 docet
467 721 496 776 S.
513 719 639 776 Thomas
660 718 829 790 quiesces.
851 722 942 774 autb.
971 719 1144 776 UndeAle·
1179 725 1188 763 ἒ

146 802 259 860 xander
274 801 386 858 Tertius
409 816 433 854 o.
447 799 473 854 1.
496 799 531 854 dc
545 800 694 870 Baptismo
708 806 735 853 et
749 797 812 870 ejus
827 801 927 854 effectu
947 798 1028 866 dicit,
1051 798 1143 869 quod,
1178 805 1185 840 Ξ

147 887 172 938 si
192 885 253 955 quis
268 898 384 952 puerum
404 889 445 934 ter
465 881 494 932 ia
512 897 613 950 aquam
634 881 791 934 immerserit
811 881 840 932 irs
860 880 965 932 camina
985 880 1094 939 Patris,
1119 887 1145 932 et
1178 887 1185 924 ἓ

147 964 228 1030 Filii,
249 971 274 1018 et
294 960 414 1030 Spiritus
434 961 535 1024 sanai,
557 969 582 1014 et
601 977 654 1012 aaa
675 960 788 1023 dicerit,
814 975 863 1028 epo
884 960 917 1012 de
938 959 1058 1028 baptizo,
1090 975 1147 1012 aaa
1181 970 1188 1006 t

149 1052 188 1098 est
210 1058 282 1112 puer
309 1041 470 1109 baptizatus.
511 1039 550 1093 Et
576 1041 605 1094 in
628 1038 742 1093 decreto
763 1039 878 1108 saepius
899 1039 986 1094 citato
1008 1037 1145 1109 Eugeuii,
1184 1044 1189 1088 Ξ.

148 1129 215 1192 post
240 1121 361 1176 relatam
388 1120 525 1185 termam,
554 1134 611 1190 quo
632 1117 734 1174 Graeci
760 1117 793 1171 iu
814 1116 957 1187 baptismi
982 1117 1145 1172 collatione
1182 1133 1189 1169 '1

149 1205 284 1267 utuntur,
306 1214 380 1271 quae
402 1205 445 1253 est
465 1195 623 1269 ejusmodi:
649 1198 809 1268 Baptizetur
828 1196 877 1251 vel
896 1197 1061 1267 Baptizatur
1082 1215 1146 1252 ser·
1182 1215 1189 1248 r

149 1298 198 1337 cus
221 1280 321 1335 Obristi
340 1278 377 1332 N.
400 1280 428 1331 irs
448 1279 553 1332 nomiae
573 1278 680 1343 Patris,
703 1287 729 1332 et
748 1277 829 1341 Filii,
852 1286 878 1331 et
897 1276 1017 1347 Spiritum
1036 1279 1144 1345 sancti;
1181 1295 1189 1345 p

150 1359 275 1424 dicitur,
303 1358 499 1426 Baptismum,
528 1356 581 1411 sub
608 1356 662 1410 tali
690 1356 782 1410 formo
803 1356 956 1422 collatum,
986 1371 1047 1410 esse
1067 1357 1147 1411 vali-
1181 1386 1184 1406 ι.

150 1436 236 1506 dum,
260 1437 397 1507 quonism
417 1437 449 1491 iu
470 1435 524 1490 illa
544 1437 701 1506 exprimitur
721 1445 811 1501 actus,
834 1437 881 1507 qui
897 1453 949 1505 per
963 1438 1051 1506 ipsum
1063 1453 1147 1491 eser-
1181 1453 1189 1487 s

148 1527 224 1574 cetur
243 1517 394 1572 ministrum
409 1531 472 1570 eum
493 1516 659 1570 inuocatione
680 1525 790 1572 sanctae
813 1516 964 1570 Trinitatis.
1184 1538 1190 1571 r

209 1596 344 1666 Exprimi
357 1595 385 1650 2.
406 1594 493 1650 debet
509 1610 632 1665 persana
645 1594 839 1666 baptizanda,
861 1602 892 1650 ut
906 1595 1052 1667 significat
1064 1595 1147 1651 idem
1183 1618 1190 1652 r

150 1677 179 1733 S.
195 1676 302 1731 Doctor
323 1689 424 1746 supra,
448 1683 476 1728 et
496 1681 608 1729 constat
626 1682 688 1729 tum
710 1690 747 1729 ex
761 1676 848 1730 citato
870 1689 934 1744 cap.
953 1675 1059 1745 siquis,
1084 1681 1148 1732 tum
1183 1697 1190 1730 t

151 1772 189 1812 ex
208 1755 339 1827 praefato
361 1753 540 1810 Gateeltismo
560 1753 706 1824 Romano,
735 1763 763 1810 et
789 1755 875 1808 etiam
897 1769 934 1807 ex
953 1755 1018 1823 ipso
1039 1770 1097 1810 usu
1119 1761 1147 1810 ct
1181 1773 1186 1807 ι

149 1835 237 1906 praxi
265 1834 352 1890 totius
373 1831 537 1901 Ecclesiae,
565 1849 638 1904 quae
665 1835 695 1888 in
719 1834 808 1888 forma
829 1833 970 1902 Baptismi
991 1848 1148 1902 personam
1183 1854 1190 1891 r

150 1913 359 1984 baptizandam
380 1927 492 1984 semper
506 1913 666 1984 exprimere
681 1915 769 1982 solet;
790 1921 851 1969 tum
865 1913 991 1983 denique
1005 1919 1037 1967 ut
1052 1920 1149 1970 osten·
1185 1935 1191 1972 t

151 1993 237 2048 datur
263 1993 338 2048 inter
364 1992 563 2063 baptizantem
586 1999 614 2048 et
634 1992 814 2062 baptizatum
835 2007 895 2048 esse
917 1991 1020 2048 debere
1042 1992 1150 2048 distin·
1185 2019 1191 2046 r

152 2075 292 2140 ctionem,
314 2072 462 2144 aliumque
483 2087 543 2128 csse
566 2073 617 2142 qui
636 2071 817 2144 baptizatur,
839 2078 867 2128 et
880 2072 971 2127 elium
985 2073 1037 2142 qui
1050 2071 1152 2143 bapti·
1190 2085 1191 2132 1

152 2160 216 2225 net,
244 2160 275 2206 ut
302 2152 425 2207 habetur
454 2167 516 2221 cap.
537 2152 664 2206 Debitum
685 2160 766 2207 extra
787 2151 822 2206 de
842 2152 926 2224 Bapt.
948 2159 976 2205 et
997 2151 1059 2222 ejus
1082 2154 1154 2208 effe·
1189 2161 1191 2212 t

153 2239 224 2301 ctu3v
239 2230 419 2304 proindeque
440 2232 583 2286 neminem
603 2247 688 2302 pesse
709 2247 738 2286 se
759 2231 854 2302 ipsum
873 2230 1035 2302 baptizare.
1185 2253 1191 2290 1

212 2309 241 2366 2.
292 2312 426 2381 Exprimi
450 2310 477 2366 3.
515 2310 600 2366 debet
633 2312 728 2366 unitas
765 2309 943 2378 divinitatis,
982 2316 1015 2364 nt
1043 2313 1153 2365 asserit
1184 2331 1188 2365 ¹.

153 2389 181 2448 S.
196 2391 304 2449 Doctcr
317 2407 414 2459 supra,
436 2392 468 2444 in
490 2405 564 2461 resp.
585 2389 624 2444 ad
639 2391 666 2446 6.
698 2389 783 2446 Unde
804 2391 834 2446 S.
850 2390 1041 2459 Hieronymus
1060 2405 1153 2460 super
1185 2415 1191 2449 ε

153 2485 217 2540 cap.
232 2467 259 2524 t.
290 2470 328 2524 sd
348 2469 454 2538 Ephes.
496 2469 559 2523 Nan
589 2470 770 2540 baptizamus,
800 2470 912 2540 inquit,
941 2471 969 2522 irs
995 2470 1153 2524 nominibus
1188 2497 1191 2526 ι

153 2549 247 2604 Patris
261 2558 309 2603 etc.
331 2551 379 2603 sed
400 2550 428 2601 irs
448 2565 500 2602 uno
514 2551 633 2614 nomine,
656 2566 707 2620 quo
722 2550 880 2618 inteliipitur
893 2550 983 2614 Deus,·
1004 2556 1031 2601 et
1046 2549 1075 2603 S.
1088 2550 1153 2604 Au·
1189 2601 1191 2604 .

154 2635 227 2700 gust.
242 2627 295 2681 lib.
311 2627 338 2683 3.
361 2636 460 2682 contra
473 2627 550 2682 Max.
564 2629 616 2681 Ar.
639 2644 701 2698 cap.
714 2627 762 2684 32.
784 2628 871 2695 dicit,
894 2629 1019 2684 conferri
1033 2627 1155 2698 Baptis-

152 2723 232 2762 mum
254 2709 282 2760 ia
301 2709 421 2772 nomine,
444 2723 498 2760 acm
519 2709 547 2760 irs
567 2709 730 2773 nominibus,
753 2709 822 2779 quia
841 2708 874 2763 hi
895 2715 950 2762 tres
965 2721 1054 2762 unum
1072 2716 1152 2764 sunt.

214 2785 348 2856 Exprimi
376 2785 502 2858 deniqne
531 2783 617 2855 debet
644 2790 784 2858 explicita
811 2795 839 2842 ct
863 2787 999 2843 distinete
1019 2788 1153 2857 prolatio

155 2871 183 2920 et
202 2865 349 2921 invocatio
370 2867 457 2922 trium
478 2869 666 2936 personarum
686 2867 883 2922 sanctissimas
906 2865 1069 2937 Trinitatis,
1096 2868 1154 2923 Pa·

155 2946 224 3012 iris,
247 2952 274 3000 et
294 2944 378 3012 Filii,
401 2953 428 2999 et
449 2945 574 3016 Spiritus
596 2948 703 3016 sancti,
723 2954 758 3000 ut
778 2946 861 3001 docet
882 2946 910 3002 S.
928 2946 1029 3001 Ehem.
1053 2955 1109 3002 art.
1124 2949 1153 3004 b.

154 3032 183 3079 ct
202 3030 313 3080 constat
335 3032 394 3079 tum
415 3040 451 3078 ex
471 3026 566 3080 citatis
589 3026 697 3080 Christi
718 3027 837 3080 Domini
858 3025 971 3094 verbis,
992 3027 1155 3096 Baptizan-

154 3113 194 3158 tes
214 3121 260 3158 eos
280 3106 308 3156 ia
328 3105 432 3158 nomine
452 3105 560 3170 Patris,
584 3115 609 3159 et
629 3105 708 3169 Filii,
731 3115 756 3160 et
770 3105 889 3176 Spiritus
908 3109 1010 3170 sancti,
1034 3114 1097 3160 tum
1116 3123 1155 3161 ex

155 3183 288 3238 Concilio
309 3183 494 3239 Lateranensi
516 3199 578 3254 esp.
592 3185 725 3250 Firmiter,
749 3194 807 3239 tum
829 3201 865 3239 cx
885 3185 1017 3256 Epistola
1038 3185 1157 3241 Zacha-

155 3263 215 3318 riae
237 3261 274 3316 sd
294 3261 477 3319 Beniiacium
498 3264 692 3334 Episcopum,
713 3279 786 3335 quae
809 3266 929 3320 retertur
949 3279 973 3319 c.
995 3266 1023 3317 ia
1037 3263 1157 3335 Spaodo

155 3339 191 3395 de
206 3341 338 3397 consecr.
355 3342 421 3398 dist.
430 3343 458 3398 4.
478 3343 530 3398 ubi
545 3344 667 3411 dicitur,
690 3343 807 3416 quodsi
821 3346 889 3400 latus
903 3343 1158 3416 insonteBaptis-

153 3422 234 3474 matis
254 3423 430 3496 quiescerit,
454 3425 512 3477 siae
533 3425 699 3478 inuocatione
723 3424 878 3489 limitatio,
902 3425 1042 3495 perfectus
1067 3425 1158 3480 Obri-

153 3501 258 3556 stiaaus
278 3520 331 3558 acm
352 3511 405 3568 est,
438 3505 492 3558 nisi
512 3504 540 3556 in
559 3505 664 3558 momine
684 3504 792 3570 Patris,
824 3513 850 3559 et
874 3505 953 3569 Filii,
983 3513 1013 3558 et
1029 3503 1161 3574 Spiritus

153 3583 242 3638 saneti
254 3583 345 3655 jimrit
365 3583 526 3654 baptisatus.
559 3581 643 3650 Quod
661 3585 797 3640 similiter
810 3591 875 3639 ante
889 3584 974 3639 illum
992 3584 1161 3641 decuerant
