2360 3862
384 1 413 12 -r

124 131 188 209 220
437 145 474 198 ra
496 145 645 194 urnam
660 145 818 200 uacrwrtat

126 273 228 335 olicae,
251 277 279 326 et
296 267 330 325 dn
353 267 468 328 Ontccb
492 265 575 324 Rom.
598 272 672 335 pert.
695 264 722 320 2.
746 279 809 335 cap
831 264 1063 332 &declaratur
1089 264 1148 322 olei

125 350 246 406 nomine
263 346 393 418 intelligi
415 347 568 416 liquorem,
591 358 648 400 non
670 357 707 400 ex
728 346 832 415 quevis
852 345 955 416 pingui
978 351 1015 400 et
1038 359 1145 400 craece

124 429 260 494 materia,
291 426 343 482 aed
370 439 408 483 ex
435 424 691 484 olecenmbaccia
719 423 916 480 tantummodo
944 437 1146 492 expressum.

127 507 212 576 Quod
233 512 340 564 autem.
355 506 449 560 oleum
463 503 571 570 ‚istud,
600 504 691 558 nteit
718 511 787 573 apte
815 511 842 558 et
869 504 1024 560 sufficiens
1048 501 1146 574 hujus

127 584 304 650 Sacramenti
325 584 458 650 materia,
488 581 594 658 (tabeat
622 597 682 640 esse
696 581 910 653 *ab-Episcopo
927 582 1146 649 benedictum,

127 667 211 723 docet
232 667 259 721 S.
283 665 410 720 Thomas
437 662 468 716 in
496 659 523 715 t.
547 661 613 716 diat.
643 661 691 716 23.
721 677 749 732 q.
774 662 798 716 l.
826 670 878 716 ert.
900 662 927 718 d.
957 669 987 718 et
1020 671 1145 719 constet

126 754 186 804 tum
208 761 245 804 ex
265 745 352 801 citato
372 742 488 798 decreto
505 741 631 812 Eugenii
652 747 682 795 et
702 742 813 798 Concil.
831 739 961 798 'saldene
983 755 1071 796 sese.
1101 742 1142 796 tt.

126 823 201 890 cl.
223 832 283 880 tum
304 822 455 891 exipsius
475 821 631 878 Ecclesiae,
650 821 751 890 praxi,
781 820 1007 892 quae-nonnisi
1036 822 1143 876 oleum

126 905 164 963 ab
175 904 322 973 Episcopo
334 894 521 960 benedictum
533 901 565 954 in
581 899 671 970 liujus
680 900 858 956 Sacramenti
873 899 1143 956 administratione

126 981 446 1038 sintbereeoesuevit
500 1017 504 1024 -
622 1017 625 1022 -
790 1031 794 1040 ,
856 1023 859 1030 .
934 1031 937 1038 ,

129 1115 132 1124 ,
158 1094 161 1104 .
186 1060 328 1127 Quaeret,
359 1073 397 1116 en
424 1059 575 1116 deficiente
607 1060 671 1116 oleo
699 1057 854 1114 benedicio
886 1059 978 1128 possit
994 1068 1143 1130 urgente

125 1140 294 1198 necemitete
314 1139 354 1197 ad
376 1141 590 1198 decrementum
610 1138 673 1194 -lree
695 1137 1142 1195 administrandumadlribcri

126 1220 222 1277 oleum
245 1234 318 1280 uon
337 1217 538 1282 benedictam,
568 1218 615 1276 rel
633 1217 726 1274 illius
753 1217 829 1274 leco
848 1229 959 1272 eaerum
989 1217 1140 1276 chrisma

126 1297 329 1369 Respondentur
352 1297 377 1352 i.
399 1298 496 1354 oleum
510 1296 699 1356 benedictum
718 1312 779 1353 esse
793 1294 833 1350 de
845 1297 1019 1354 necessitate
1040 1297 1141 1368 liujus

125 1378 314 1443 decrementi,
336 1383 368 1432 nt
390 1375 493 1433 decent
515 1376 542 1430 S·
566 1375 703 1442 Tirones,
726 1377 752 1432 S.
776 1376 988 1441 Beneventum,
1015 1376 1141 1432 Duran-

127 1457 182 1514 due
209 1463 240 1514 ct·
262 1456 331 1520 elii,
364 1469 435 1525 quor
463 1455 606 1510 aetates
632 1455 761 1527 scopitur
786 1455 960 1514 irembertus
985 1455 1077 1526 disp.
1111 1456 1138 1512 2.

125 1543 178 1594 art.
207 1534 235 1590 2.
262 1533 445 1606 proindeque
472 1547 525 1589 nec
553 1534 648 1602 licite,
677 1549 730 1590 nec
759 1533 857 1590 relide
884 1547 949 1590 cum
979 1535 1051 1590 elec
1077 1553 1138 1592 nor

125 1613 281 1672 benedicio
300 1611 497 1672 administrari
519 1627 636 1680 posset,
655 1613 683 1668 si
706 1621 799 1670 umen
819 1614 917 1670 oleum
937 1613 1138 1672 benedictum

125 1709 183 1750 non
205 1692 357 1758 reticeret,
380 1692 544 1762 peseetiiii
566 1708 623 1748 non
643 1692 829 1752 benedictum
848 1693 880 1748 in
901 1695 1009 1748 minori
1032 1701 1138 1752 temer

127 1771 287 1842 quantitate
307 1770 389 1826 licite
410 1771 578 1838 admisceri,
605 1779 637 1829 ut
657 1772 832 1846 intelligitur
853 1789 889 1828 ex
911 1785 973 1842 cap.
998 1773 1086 1835 Quod
1109 1777 1138 1828 ic

125 1851 226 1914 debite,
255 1856 339 1906 extre
367 1849 408 1908 de
432 1851 646 1908 consecratione
670 1851 830 1910 Ecclesiae.
873 1851 1083 1922 Respondetur
1106 1853 1135 1910 2.

125 1937 340 1987 controversum
364 1945 432 1986 esse
459 1929 539 2000 apud
560 1931 739 2002 Tbeelcgoe,
767 1947 804 1986 an
832 1931 888 1988 lroc
909 1932 1134 1990 sacramentum

124 2008 224 2067 relide
251 2010 377 2065 conferri
403 2011 495 2079 possit
523 2010 553 2065 in
580 2011 645 2068 oleo
673 2009 849 2081 balsameto,
879 2025 929 2066 seu
957 2011 1133 2080 chrismate,

126 2086 301 2158 quibusdam
329 2089 556 2158 affirmantibus,
582 2090 650 2144 eliis
676 2103 745 2144 vero
774 2089 806 2144 id
823 2089 1023 2161 negantibus,
1053 2107 1134 2162 quoe

124 2168 187 2226 fuce
215 2168 301 2224 reiert
330 2169 515 2237 Leymanuue
542 2183 603 2237 cap.
626 2168 659 2223 Β.
687 2167 724 2224 de
751 2176 822 2227 extr.
843 2169 938 2226 vUnct.
968 2171 1021 2240 qui
1045 2179 1133 2228 reete

123 2245 289 2312 concludit,
309 2246 458 2317 quidquid
478 2248 520 2302 sit
538 2247 573 2301 de
588 2255 716 2318 :utreque
740 2249 794 2302 ille
815 2249 970 2315 sententia,
999 2265 1131 2319 querum

123 2331 227 2380 neutra
247 2339 381 2394 expresse
403 2326 440 2382 eb
461 2325 597 2383 Ecclesia
618 2325 739 2384 detrita
760 2333 810 2394 eat,
836 2335 976 2398 quantum
997 2328 1037 2384 cd
1058 2346 1132 2398 pra-

122 2402 184 2460 xim
205 2404 322 2474 attinet,
351 2421 499 2474 nunqnam
526 2405 640 2460 licitum
667 2421 730 2460 esce
752 2405 900 2462 Sacerdoti
924 2408 954 2462 in
977 2416 1130 2466 extremae

124 2481 279 2539 Unctionis
294 2483 544 2542 administratione
565 2484 609 2538 uti
630 2485 794 2553 chrismate,
816 2503 850 2542 eo
868 2486 946 2556 quod
967 2487 1072 2542 saltem
1097 2487 1131 2543 id

123 2562 328 2626 consuetudini
342 2569 369 2620 et
382 2562 468 2631 praxi
482 2561 631 2616 Ecclesiae
646 2571 796 2636 repugnet,
813 2579 887 2636 quae
897 2567 1015 2622 nonnisi
1028 2569 1129 2624 oleum

123 2639 248 2708 simplex
270 2648 298 2698 et
319 2639 500 2703 benedictum
514 2657 571 2711 pro
584 2644 727 2714 ungendis
745 2645 869 2708 infirmis
882 2644 1025 2700 adhibere
1040 2648 1129 2702 solet.

181 2719 284 2786 Addit,
306 2721 533 2791 quenquennis
551 2722 709 2780 secundum
729 2724 822 2793 ipsius
837 2723 984 2780 Ecclesiae
1004 2728 1128 2794 praxim

122 2796 218 2850 oleum
234 2798 312 2851 istud
326 2790 505 2856 intirmorum
521 2803 677 2870 quotannis
692 2804 828 2860 uenerari
845 2799 958 2870 debent,
980 2813 1128 2876 vetusque

121 2887 197 2928 novo
220 2884 337 2943 eccepto
359 2879 508 2946 cumburi3
542 2882 566 2933 si
588 2887 681 2935 tamen
704 2881 852 2937 Paroelrus
875 2883 968 2937 oleum
992 2883 1031 2938 ab
1055 2886 1128 2955 Epi-

121 2967 209 3020 scopo
230 2953 416 3014 benedictum
444 2958 572 3012 nondum
601 2962 769 3030 recepisset,
799 2969 917 3032 urgente
939 2967 1125 3032 necessitate,

121 3032 211 3085 veteri
231 3031 386 3088 benedicto
407 3036 444 3089 ad
469 3037 671 3095 conferendam
701 3048 856 3096 extremam
878 3041 1056 3098 Unctionern
1082 3044 1125 3098 uti

121 3110 202 3166 licite
221 3119 327 3184 posset.
487 3165 491 3178 ,
582 3177 585 3184 ,
654 3165 657 3172 Α
805 3165 809 3175 ,
858 3171 861 3180 ,

181 3189 207 3244 2.
245 3189 407 3245 Dicendum
428 3191 456 3246 2.
478 3193 626 3249 materiam
648 3191 810 3265 proximam
832 3192 919 3269 hujus
939 3201 1123 3256 sacramenti

120 3281 182 3324 cete
203 3269 383 3337 unctionem,
409 3287 484 3341 quae
502 3275 544 3328 lit.
554 3289 607 3344 per
616 3275 746 3333 ›mudum
768 3279 882 3344 crucis,
891 3278 982 3349 juxte
1002 3279 1126 3336 Rituele

119 3344 290 3416 Romanum,
311 3350 341 3406 in
358 3351 460 3418 oculis,
481 3352 611 3419 auribus,
633 3351 764 3421 neribus,
784 3356 882 3424 labiis,
901 3358 1050 3427 manibus,
1073 3376 1128 3430 pe-

119 3421 255 3484 dibus-et
276 3427 393 3486 renibus
420 3427 519 3500 (qnam
540 3437 636 3488 tamen
651 3434 788 3492 ultimam
809 3435 982 3492 Unctionem
1005 3439 1038 3492 in
1062 3441 1128 3494 foe·

117 3499 207 3556 minis
229 3505 416 3568 emittendam
436 3523 496 3562 esee
509 3507 620 3580 dicit),
648 3513 696 3568 vel
719 3514 758 3570 in:
772 3521 887 3583 pectore
916 3515 982 3572 loco
1003 3531 1127 3585 meum,
