2360 3862
370 134 636 222 oa‘noasrsatrms.
887 207 890 218 .
934 157 1003 228 205

55 301 124 371 gartia
141 307 305 368 temporam,
329 297 459 354 loooruru
480 305 509 351 et
533 309 720 366 personarum
749 295 830 356 uarie
851 306 1008 356 eommuta-

54 381 121 434 rsrit:
148 378 208 432 illos
228 385 335 444 talneu,
366 392 429 431 uum
446 375 511 448 jann
531 377 681 448 aliquibus
709 379 833 432 saeoulis
853 381 884 431 ia
906 377 1007 434 ᾶθειιοὲ

53 458 150 512 tudinem
168 457 301 527 abierint,
329 457 361 510 in
381 473 466 510 usum
488 456 526 510 ob
542 455 719 527 justissimas
750 468 850 514 causas
872 455 1007 514 revocata

53 537 158 602 noluisse,
178 537 226 590 aed
245 535 471 591 satisfactionem
493 535 611 606 quidem
631 535 776 606 privatam
798 544 826 590 et
846 551 1007 594 sacraman-

53 617 111 672 talsm
130 617 363 673 confessariorum
393 616 565 670 discretioni
593 621 621 668 et
644 615 816 685 prudentias
843 617 1005 687 reliquisse,

52 696 163 766 publicam
183 693 273 750 autem
295 695 333 751 oh
346 693 476 764 :publiea
495 700 616 765 pensata
637 695 859 761 exsolvendam,
886 695 1007 767 ldpiseo-¹

52 791 127 844 purum
136 775 253 830 arbitrio
267 775 443 846 permisisse,
465 781 497 827 ut
517 781 629 829 constat
645 791 684 828 ex
698 776 795 829 variis
809 775 903 845 ipsius
917 777 1005 832 Cone.

49 855 111 908 laid.
127 851 242 922 domatis,
267 870 300 910 aa
314 854 490 924 praesertim
512 868 549 908 ex
569 868 637 908 sess.
659 853 706 908 24.
730 869 762 908 aa
776 851 804 910 Θ.
827 854 866 909 de
880 853 1006 913 Reform,

52 932 92 986 uhi
113 933 216 988 declarat
236 935 416 1004 Episcopum
443 949 528 1003 posse
556 930 765 1004 poeniteutiam
794 933 944 1004 publianus
957 933 1007 990 »ob

52 1012 455 1084 publiaapauoataimpositam,
477 1013 509 1067 in
530 1013 619 1068 aliam
641 1019 778 1069 secretam
795 1015 1007 1084 poenitentiam

54 1099 199 1160 manutere,
220 1093 339 1164 quaudo
360 1093 402 1148 ita
422 1093 513 1162 magis
536 1089 675 1162 expedire
693 1090 880 1163 judiosrsrit.

94 1171 155 1226 Dicit
171 1171 197 1228 2.
213 1191 268 1243 pro
289 1166 421 1246 qualitate
441 1173 587 1237 mmiaam,
610 1178 642 1226 ut
663 1172 777 1228 noverit
795 1173 1007 1241 confessarius,

50 1250 275 1320 qnidpotissimum
290 1250 439 1308 attendero
451 1251 555 1308 debeat
568 1251 597 1304 in
612 1250 791 1321 imponenda
800 1251 1012 1320 satisfactione,-

49 1327 108 1398 aujus
124 1347 273 1390 mensuram
289 1347 330 1388 'ae
350 1330 467 1386 modum
488 1345 547 1386 uon
567 1346 620 1400 pro
642 1329 728 1386 libito
747 1327 1014 1410 determiua‘pedau

49 1407 93 1474 let,
109 1411 150 1464 sed
167 1427 219 1481 pro
235 1413 381 1483 qualitate
401 1412 565 1478 eriminum,
591 1411 622 1464 ia
645 1424 767 1480 quoram
787 1409 949 1466 vindictam
970 1410 1010 1472 ai,-

50 1489 92 1540 nrl
106 1499 127 1543 et
144 1492 282 1546 medelam
302 1491 471 1560 imponitur,
494 1489 619 1560 ideoque
637 1497 821 1558 peecatorum
842 1503 900 1544 nou
921 1487 1013 1544 modo

52 1580 162 1624 annerum
182 1587 215 1626 ae
229 1570 367 1640 speeiem,
390 1569 441 1624 aed
461 1578 489 1624 st
509 1569 583 1622 alias
599 1569 830 1627 circumstantias
846 1569 932 1626 debet
944 1583 1011 1640 per-

50 1647 152 1717 pendere,
179 1650 343 1722 exquibus
368 1651 486 1722 illorum
508 1648 634 1718 gravitas
655 1649 757 1720 augeri
776 1650 824 1708 vel
844 1649 939 1706 minui
957 1661 1011 1719 po·

50 1731 99 1778 test:
123 1746 148 1782 r.
161 1747 185 1800 g.
199 1747 235 1785 an
254 1745 292 1783 ex
313 1726 494 1794 infirmitate,
511 1729 685 1798 ignorantia,
707 1729 754 1782 vel
769 1726 883 1784 malitia
903 1729 1013 1784 ilrerinl

50 1807 182 1876 sonuima3
213 1824 252 1863 aa
275 1825 313 1863 ex
332 1807 595 1878 repentino‘animi
609 1814 697 1875 motu,
718 1823 756 1864 au
770 1821 839 1864 voro
862 1823 898 1862 ex
918 1823 1012 1878 pravo

50 1883 121 1953 aliquo
139 1894 163 1943 et
181 1890 341 1942 inveterato
355 1887 566 1942 habitantium
584 1887 710 1943 ducant:
742 1895 774 1942 ut
790 1888 877 1960 juxta
892 1887 1016 1942 divinas
1064 1904 1066 1910 '
1150 1893 1151 1896 ’

47 1958 144 2029 justitiae
163 1969 290 2040 regulam
307 1969 360 2039 pro
379 1984 508 2022 mensura
529 1967 620 2024 delicti
640 1969 676 2020 sit
696 1977 722 2021 et
737 1970 886 2038 playorom
906 1969 1016 2026 modoad

88 2043 110 2096 l.
145 2047 221 2102 [linit
245 2048 274 2102 3.
304 2053 329 2100 si
351 2049 546 2117 poeaitentiam
566 2047 722 2118 facultates
745 2063 811 2102 vnou
843 2047 920 2100 enim
949 2048 1012 2102 sola

49 2131 192 2187 poeoniorum
214 2115 412 2198 graiitasqaut
433 2127 554 2192 invitas,
584 2127 635 2180 sed
656 2135 684 2180 et
705 2129 834 2196 ipsorum
862 2125 1011 2194 poeniten·

50 2199 99 2254 tion
123 2205 236 2262 iaaultas
270 2205 483 2262 dormieranda
504 2212 560 2272 est,
593 2206 672 2276 quod
702 2203 832 2260 lditualo'
848 2204 1016 2259 Romanum·

51 2281 127 2346 optino
140 2284 297 2340 declaravit
317 2287 360 2340 tit.
378 2285 419 2340 de
429 2285 540 2340 *ordina
555 2284 779 2342 administrandi
794 2287 1017 2340 autoramentum
1072 2306 1074 2308 ·

51 2354 226 2433 Petulantiae,
256 2365 308 2420 ubi
330 2365 403 2420 didit
424 2365 456 2418 iu
478 2363 668 2435 injungendis
690 2363 936 2419 satisfactionibus
959 2365 1011 2418 lta-

51 2435 133 2496 ieadom
151 2462 203 2498 essa
222 2446 356 2499 rationem
369 2453 462 2514 statas,
486 2445 654 2524 conditionis,
677 2461 763 2510 sasas,
786 2445 893 2498 aetatis*
905 2452 931 2496 et
951 2445 1013 2496 dem

53 2517 197 2588 dipositionis
212 2526 418 2596 poeaitentiam.
457 2523 558 2589 Statua,
582 2541 610 2577 v.
632 2541 658 2596 g.
681 2526 755 2583 sitne
775 2523 927 2594 poenitens
950 2522 1014 2586 clo·

52 2596 105 2653 dous
122 2617 153 2657 au
169 2605 273 2660 Laiaus
295 2611 349 2659 ete.
374 2605 560 2667 venditionis,
585 2603 701 2660 infimae
723 2615 761 2658 an
781 2603 944 2668 eminentis,
967 2615 1014 2655 sn·

52 2680 123 2740 perior
139 2699 171 2736 an
189 2685 329 2751 inferior,
357 2683 438 2740 divas
460 2699 496 2738 aa
517 2697 636 2754 pauper.
678 2683 782 2747 Sanus:
802 2684 915 2752 aliqua
936 2683 1013 2736 anim

52 2753 74 2806 in
90 2773 145 2818 sexu
162 2764 306 2834 fragiliori
326 2763 446 2818 lolerari
466 2769 614 2834 uteunque
639 2771 788 2832 possunt,¹
804 2775 877 2833 quas
888 2763 931 2816 ¹in
943 2777 1017 2832 ,per-

54 2833 138 2892 lantiori
155 2844 263 2898 nullam
285 2844 499 2898 exeusationem
517 2842 682 2898 admittunt.
701 2841 841 2899 dotatis:
871 2850 916 2898 est
934 2844 1024 2897 anian

54 2909 119 2985 l⁰ssgt
135 2919 225 2992 dispar
237 2923 320 2985 'ratio
348 2929 548 2994 pennatorum,
578 2935 650 2992 quaa
670 2922 702 2975 iu
723 2929 814 2978 aelate
827 2921 958 2992 puerili,
988 2927 1017 2976 et

52 2999 147 3059 quaein
165 3003 291 3072 pertaesa
312 3009 340 3057 at
359 3010 474 3060 matura
495 3002 719 3057 committuntur:
740 3003 790 3056 “Et
804 3003 1025 3072 'Disponit-ionia,-

54 3080 153 3140 carporis
179 3083 291 3138 scilieet
319 3082 366 3136 vel
388 3081 498 3136 animi:
531 3081 624 3151 aliqui
652 3083 728 3136 enim
757 3088 825 3136 sunt
851 3081 1015 3136 imbecilles

55 3157 74 3201 et
88 3153 188 3228 infirmi,
209 3175 282 3232 quos
304 3163 328 3216 si
342 3161 524 3229 oneraveris,
545 3162 702 3230 opprimes,
724 3162 777 3216 alii
798 3157 1019 3214 contra-valen·
1089 3205 1091 3210 ,

57 3235 85 3316 tes
100 3241 123 3286 et
140 3237 263 3308 robusti3
279 3243 365 3300 'itam
394 3240 446 3296 alii
474 3241 670 3297 eonscientiae
696 3241 847 3312 serupulis'
869 3245 898 3294 et
915 3236 1028 3292 dubiis.

57 3313 236 3388 lflqnistantur,
264 3321 317 3374 alii
344 3316 529 3390 passionibus
558 3321 674 3374 auribus
702 3317 893 3390 exagitantur.
934 3317 1030 3387 Quae.

61 3393 130 3446 onnia
152 3405 178 3452 et
205 3399 263 3454 alia
291 3399 402 3454 similia
427 3398 846 3471 duodenario-perpendenda
873 3405 955 3466 sunt,
985 3403 1018 3452 ut

61 3460 123 3530 (siaul
141 3473 263 3548 loquitur
285 3479 481 3535 catechismus
503 3477 584 3533 Rom.
608 3480 708 3550 supra)
730 3472 789 3531 cana
801 3479 928 3545 justitia,
944 3479 1027 3546 pra-⁴

62 3543 127 3606 daulis
145 3566 168 3611 ei
182 3560 283 3628 pietate
304 3561 334 3614 ia
349 3559 484 3617 sapienda
497 3573 564 3627 arpa
571 3561 742 3627 poenitentes
753 3555 873 3626 ferenda
886 3571 915 3608 ae
928 3565 1021 3630 μονάς
