2356 3870
365 139 778 193 ιιιιιιιιιιιιιιιιιιιι.
993 125 1059 198 ‘4ss

52 262 141 316 etiam
163 262 330 330 superiores
357 261 492 330 politici,
520 263 586 330 qni
591 258 707 320 diebus
733 261 812 324 festia
841 261 899 320 sibi
925 262 1060 334 subditos

51 339 202 410 operibus
218 340 281 396 illis
302 341 461 398 servilibus
480 351 584 398 uacare
600 341 784 408 permittunt.
974 387 977 394 .
1127 357 1130 364 ⁴

112 419 188 474 Item
212 420 263 490 qui
285 419 388 474 diebus
417 421 498 474 iestis
526 419 611 480 citra
627 419 827 478 necessitatem
857 420 986 486 vendunt
1005 423 1061 481 elt-

50 497 126 570 quid
151 505 203 552 aut
229 506 341 566 emunt,
369 500 536 569 praesertim
560 499 584 551 si
606 498 637 551 in
659 499 810 567 emptione
832 498 885 552 illa
913 508 963 554 aut
991 516 1060 556 veu-
1107 532 1110 540 =

49 577 168 633 ditione
203 578 314 648 teinpus
347 577 468 649 aliquod
498 575 629 632 notabile
660 579 839 644 insumatur3
871 579 924 648 qni
956 580 1060 636 diebus

47 658 113 712 illis
148 657 282 712 officinas
311 665 423 728 apertas
455 664 566 723 teuent,
599 663 648 710 aut
674 671 782 712 merces
813 655 980 754 vendendas
1012 675 1061 714 ex-

45 743 215 807 ponunt.
407 751 411 756 ·
669 765 670 770 ι
797 763 799 770 ,
1012 771 1013 777 ι

112 815 244 870 Peccaut
267 815 381 886 iudices
402 824 431 872 et
449 816 569 874 illorum
597 815 753 882 officiales7
782 816 806 869 si
832 816 916 871 nulla
942 821 1061 890 urgente

49 895 229 950 necessitate
251 893 355 949 diebus
376 895 456 949 festis
477 893 645 960 citationes,
676 895 789 950 testium
810 893 955 966 juridicus
977 895 1060 952 audi·

52 975 150 1028 tiones
173 981 205 1028 et
225 974 300 1028 alias
318 972 477 1046 judiciales
493 975 621 1028 actiones
636 981 788 1041 exercent3
820 975 890 1028 item
913 972 963 1048 qui
984 983 1059 1033 totos

49 1053 116 1108 dies
146 1054 251 1122 festos,
282 1061 330 1108 aul
359 1054 515 1110 maximam
537 1060 564 1107 et
584 1053 770 1122 praecipuam
780 1051 916 1108 illorum
938 1063 1058 1130 partem,

48 1134 137 1200 aleis,
161 1131 286 1202 choreis,
308 1131 596 1189 commessationibus
618 1140 645 1186 et
667 1131 733 1184 aliis
752 1132 835 1185 vanis
857 1137 905 1185 aut
925 1135 1058 1224 profanis

48 1211 224 1290 actionibus
245 1213 463 1307 impendunt.
1116 1206 1119 1214 ⁴

110 1278 143 1345 2.
174 1279 327 1359 Peccaut,
350 1293 400 1363 qui
422 1289 525 1346 diebos
547 1290 626 1344 iestis
648 1285 767 1344 Missam
789 1287 890 1360 audire
912 1276 1059 1360 omittunt,

46 1372 96 1426 vel
119 1371 210 1424 illam
231 1369 372 1462 integram
395 1387 452 1426 nou
473 1365 611 1436 audiunt,
639 1370 687 1424 vel
709 1371 761 1440 qui
785 1368 908 1425 audiunt
929 1369 1056 1438 quidem,

45 1451 100 1506 sed
125 1451 195 1504 sinc
211 1449 376 1517 attentione,
399 1465 432 1504 ec
453 1465 504 1520 per
525 1447 606 1502 illius
621 1455 731 1520 partem
753 1449 883 1519 aliquam
900 1448 1058 1504 notabilem
1111 1469 1112 1478 ¹

47 1531 139 1584 vanis
171 1528 461 1584 confabulationibus
489 1536 537 1584 aut
559 1527 711 1600 superfluis
740 1521 964 1606 cogitationibus
987 1522 1070 1582 deli-.

45 1610 153 1664 berete
169 1599 389 1664 distrahuntur

110 1689 247 1743 Peccant
269 1687 394 1759 denique
415 1695 510 1772 patres
533 1686 660 1740 familias
678 1687 792 1758 aliique
814 1687 985 1758 superiores,
1009 1687 1061 1758 qni

45 1767 165 1824 sfiliis
190 1775 217 1821 et
239 1765 365 1821 subditis
382 1743 500 1822 Missam
524 1765 625 1820 diebus
647 1766 726 1819 festis
749 1764 845 1822 audiri
867 1780 924 1821 non
947 1773 1057 1834 curant,
1080 1810 1091 1840 -,

44 1857 97 1902 aut
124 1862 177 1902 eos
203 1842 309 1901 talibus
331 1844 572 1916 occupationibus
594 1843 737 1912 detinent,
767 1861 803 1898 ex
826 1845 931 1918 quibus
953 1847 998 1914 fit,
1027 1853 1083 1919 ιι,

40 1929 174 1982 Missam
199 1925 313 2012 audire
322 1941 379 1980 non
402 1925 522 2014 possint.

393 2151 623 2257 cuculo
665 2153 725 2217 IV.

161 2273 358 2345 Explicatur
378 2257 532 2346 quartum
554 2267 710 2359 decalogi
728 2267 950 2351 praeceptum.
1037 2337 1041 2341 .
1093 2259 1097 2264 ’

128 2411 268 2476 Honora
297 2419 421 2500 patrem
452 2394 542 2474 titum
574 2419 606 2474 et
636 2417 769 2496 matrem
796 2413 887 2473 'fuam
922 2417 978 2472 eto.
1017 2493 1021 2501 ¹
1048 2427 1050 2432 ·

119 2567 146 2624 1.
194 2569 264 2623 Corn
285 2564 573 2644 'juxta-doctrinam
602 2568 628 2624 S.
660 2569 787 2623 Thomas
815 2567 842 2622 2.
872 2563 899 2621 2.
932 2571 984 2636 ιιι
1010 2565 1058 2622 dd.

52 2654 116 2704 art:
135 2647 166 2702 2.
191 2647 229 2700 a'd
250 2647 279 2702 2.
297 2643 462 2718 praecepta,
486 2649 559 2718 qua'e
584 2650 733 2718 ¹pertinent
757 2646 794 2701 ad
816 2647 911 2700 officia
933 2647 1060 2708 caritatis
1085 2690 1095 2702 ,

49 2723 201 2801 proximo
220 2721 424 2798 impendenda,
448 2726 484 2780 ad
505 2727 560 2782 hoc
582 2729 714 2798 quartum
732 2726 862 2797 decalogi
876 2733 1080 2796 praeceptum¹
1103 2735 1105 2742 “

49 2808 257 2862 reducantur:
290 2804 401 2862 idcirco
420 2811 576 2877 'autequam
600 2805 777 2876 explicemus
793 2807 987 2876 'particularia
1007 2806 1062 2860 illa

54 2881 184 2953 olucia‚³
205 2879 311 2956 quibus
324 2891 400 2958 'erga
420 2893 561 2955 parentes
576 2895 602 2940 et
624 2887 696 2940 alios
722 2887 884 2954 superiores
906 2885 1060 2956 obstringi·

49 2975 136 3031 mun
157 2964 276 3021 uidetur
297 2966 446 3020 doctrinae
467 2965 547 3036 ordo,
570 2981 653 3035 quem
676 2967 761 3018 etiam
780 2964 1061 3020 Navarrussec'utus

45 3054 111 3116 est,
134 3041 301 3114 postulare,
331 3053 363 3100 ut
384 3046 463 3114 prius
474 3043 552 3099 de'
543 3059 607 3114 rpsa
629 3045 748 3100 caritate
772 3045 900 3114 proximi
921 3045 1060 3112 illiusque
1131 3070 1134 3080 ι

46 3123 249 3210 generalibus
266 3127 444 3194 praeceptis
461 3132 496 3178 et
511 3123 744 3195 obligationibus
773 3131 934 3178 tractemus.
978 3121 1061 3188 Quod

45 3216 83 3260 ut
109 3201 283 3258 distincti-ua
310 3219 502 3274 exequamur,
532 3205 586 3263 tria
616 3204 784 3272 praesertim
806 3203 860 3259 hic
884 3199 1061 3268 explicanda

48 3291 146 3338 sunt:
181 3283 289 3352 primo,
309 3298 450 3354 quaenam
461 3297 605 3351 personae
626 3278 1066 3350 sietencaritotediligentlao.¹
1125 3297 1128 3302 ·
1169 3285 1170 3288 ’

49 3361 207 3430 Secundo,
231 3365 296 3432 quis
311 3361 381 3418 ordo
403 3363 441 3420 sit
456 3365 492 3416 ln
514 3363 568 3416 illa
582 3361 738 3415 dilectione
752 3357 928 3416 servandum
954 3357 1061 3425 Tertio,

50 3443 183 3514 quinam
206 3441 366 3496 siut.aotus
386 3441 529 3506 cantatis,
556 3447 666 3511 etque
686 3447 815 3508 tenpore
830 3437 872 3494 ad
892 3439 1063 3498 illuceatu-

50 3522 172 3578 oandos
187 3520 360 3592 obligemur.
389 3520 618 3592 bonustosius
633 3519 730 3590 ιιιιιι
745 3518 897 3606 praecepti
904 3517 1064 3616 specialem
1169 3583 1170 3588 ἵ
