2356 3870
106 95 190 184 ’376
424 129 460 174 nn
487 128 632 174 oncstoer
654 115 845 192 essnondms,

127 263 157 310 et
178 251 344 308 esseutitiit
372 251 431 320 ipsi
453 251 536 318 Deo,
557 262 610 319 pet
639 262 735 304 verum
765 258 798 306 et'
821 251 981 320 perfectam
1012 253 1043 306 in
1072 254 1130 308 illis

128 329 390 404 oompltoentirm3
422 329 500 385 bonu
525 345 593 386 vero
615 329 674 400 ipsi
694 330 859 384 extrinse'es
887 326 977 400 (pute
998 332 1127 402 gloriam,

128 413 277 478 honorem,
299 425 441 477 umorem,
462 410 728 464 observentitmet
748 410 808 462 slis
829 410 1128 482 religionis-reliquu-

130 507 249 562 rumque
272 491 411 554 virtutum
439 489 535 546 oficio
555 487 614 558 ip‘si
630 487 697 543 Deo
717 487 815 542 ts'm'o
835 505 866 542 se
888 495 978 558 quom
1005 489 1043 543 sb
1065 492 1127 546 eliis
1164 549 1165 554 ,

127 571 267 626 creaturis
296 567 477 640 exhibendo)
505 583 558 637 per
585 568 821 622 ardentissimum
850 565 1046 636 desiderium,
1074 585 1127 640 quo
1164 581 1165 640 ξ

130 652 200 706 hoto
222 649 320 705 omnis
340 663 396 703 non
419 648 512 704 'solunt
533 649 606 719 velit
626 655 654 702 et
674 653 754 718 optet
774 647 850 714 Deo,
879 646 932 701 sed
957 649 1045 703 etiam
1065 652 1125 718 qni·
1164 659 1165 716 1

128 731 301 800 husounque
321 727 415 782 modis
435 734 539 796 potest,
561 735 594 782 ut
614 742 644 781 re
665 729 730 797 ipss
750 725 951 792 exhibeantur,
975 729 1086 782 etheist

189 809 216 862 t.
261 807 398 874 Quartum
421 814 477 873 est,
504 806 687 860 verissimum
707 821 784 872 esse,
816 805 893 876 quod
916 806 942 859 S.
968 807 1123 863 Bernartius
1164 815 1165 840 ²

128 887 202 942 dicit
222 887 275 942 lib.
297 883 325 940 2.
347 887 382 940 de
405 884 555 957 diligendo
579 885 648 954 Deo,
668 887 774 939 morium
798 885 932 954 stipendi
950 887 1043 940 Deum
1064 905 1121 950 esre,

121 969 240 1036 ›diltpere
259 967 319 1020 eise
338 967 417 1020 modo
428 962 450 1018 .·'
468 965 529 1019 site
545 965 621 1020 enirn
640 965 745 1020 euritus
760 963 960 1019 consideretur
980 965 1123 1035 objectire

126 1045 286 1104 seeundum
306 1045 383 1099 illud
404 1043 523 1111 bonum,
545 1044 624 1114 quod
645 1045 778 1099 volumus
802 1044 875 1109 Deo,
898 1045 960 1098 site
982 1047 1124 1114 appretie-

127 1127 187 1180 tivo
208 1124 367 1180 seeundum
390 1125 632 1190 aestimationem,
662 1136 749 1194 quum
771 1123 806 1178 de
829 1123 888 1176 Deo
910 1122 975 1192 ipso
997 1126 1125 1194 oooeipi·

130 1218 206 1272 ntus,
235 1206 297 1259 sive
323 1203 468 1258 intensive
494 1201 652 1258 seeundum
680 1203 821 1268 fervorem
842 1211 870 1256 et
891 1210 1043 1270 corutum,
1074 1219 1125 1275 qno
1164 1213 1165 1228 ¹

128 1283 160 1340 in
183 1285 274 1340 Dounr
294 1299 347 1354 per
368 1293 492 1340 amorem
515 1282 764 1349 terimur,nn11ns
786 1282 887 1336 modus
907 1282 1126 1351 ipsiprsesori·

128 1372 196 1438 ptus
216 1369 279 1430 est3
312 1357 421 1417 eertum
439 1362 583 1428 estenim,
606 1359 684 1432 quod
700 1360 789 1415 Deum
812 1360 957 1432 objective
979 1371 1008 1416 et
1030 1379 1127 1432 uppre-

129 1442 232 1498 tietive
253 1449 381 1497 tenemur
407 1441 530 1513 diligere
556 1455 626 1510 prae
655 1441 725 1495 slis·
741 1442 844 1510 quavis
871 1449 1023 1509 erestnrs;
1048 1442 1128 1497 unde

131 1521 262 1578 Christus
278 1520 437 1576 Dominus:
472 1521 525 1582 Qut
539 1529 620 1584 amat,
632 1520 748 1590 inquit,
766 1528 880 1588 patrem·
896 1529 922 1573 et
941 1530 1059 1574 matrem
1066 1523 1126 1592 plut

128 1618 209 1672 quam
229 1619 283 1664 me,
314 1618 367 1652 non
388 1609 428 1652 est
446 1617 488 1652 me
512 1601 618 1667 dipsas.
662 1599 801 1666 Quamvis
830 1605 924 1654 sutem
941 1598 1033 1670 juxte
1055 1616 1125 1656 oum·

127 1695 242 1733 munem
258 1679 472 1748 Theologornm
488 1679 669 1745 sententium,
691 1679 817 1732 intensio
833 1677 961 1732 tonitruis
977 1679 1033 1733 snb
1058 1681 1125 1734 obli·
1164 1673 1165 1750 i

126 1758 271 1834 gationern
287 1770 343 1818 nou
359 1757 452 1824 cedet,
474 1757 676 1827 possimusque
697 1764 762 1812 sein
780 1758 913 1812 caritatis
930 1759 1021 1812 etiem
1045 1760 1124 1814 valde
1164 1751 1165 1820 i

127 1837 246 1893 remisso
274 1835 567 1891 sotisitoere'divino
594 1843 763 1906 praecepto,
794 1852 851 1906 quo
875 1836 1016 1908 jubemur
1039 1839 1124 1893 Deurn
1164 1831 1165 1872 t

125 1932 163 1971 ex
184 1923 242 1971 toto
265 1915 351 1972 eorde
373 1912 509 1987 diligere,
538 1922 570 1970 ut
592 1916 695 1971 docent
716 1915 884 1980 Almeinus,
914 1913 1026 1987 Major,
1050 1919 1123 1987 Vege

107 2003 156 2070 ,⁰¹
177 1995 242 2062 olii,
273 2011 344 2070 quos
372 1997 441 2050 eitot
465 2003 493 2050 et
513 1997 643 2064 sequitur
663 1994 948 2049 isembertustrtot.
980 1997 1018 2051 de
1049 1997 1123 2052 uerit

129 2074 204 2146 disp.
230 2073 273 2130 15.
297 2083 349 2130 ort.
371 2064 402 2128 4]
422 2082 530 2143 eertum
553 2081 721 2140 esttamen,
744 2073 858 2128 nullum
879 2075 1058 2130 intensionis
1072 2092 1128 2130 rno-
1164 2097 1165 2139 t

120 2149 252 2209 'dumin‘
265 2171 360 2210 amore
377 2153 430 2208 Dei
449 2168 511 2208 esse
525 2154 686 2221 definitum,
708 2155 914 2223 nosqnenulio
931 2155 1036 2208 affeetu
1059 2153 1126 2208 odeo

126 2235 249 2288 ferventi
278 2239 306 2287 et
333 2235 447 2288 intenso
474 2249 558 2302 posse
587 2233 678 2287 Deum
706 2232 845 2302 diligere,
874 2234 946 2304 quin
976 2233 1016 2288 ud
1045 2235 1125 2289 illum

49 2337 52 2342 ·
110 2308 400 2368 'adhuc'serventius
423 2319 450 2366 et
472 2311 841 2386 intensiusldiligendum,
860 2313 885 2366 si
907 2325 965 2366 non
988 2329 1026 2367 ex
1044 2327 1124 2383 prse-

125 2397 211 2459 septo
234 2397 371 2462 tenemur,
393 2392 494 2446 saltem
515 2405 567 2461 per
589 2393 710 2464 gratiam
735 2392 1012 2460 ipsius‘iuvitemur
1032 2401 1062 2447 et
1081 2407 1125 2447 ex·
1164 2411 1165 2466 ξ

126 2473 259 2526 uitentur.
876 2477 877 2483 ’
1164 2477 1165 2508 i

133 2567 136 2575 ·
185 2553 213 2606 5.
251 2549 389 2618 Quintum
411 2555 463 2614 est,
484 2549 615 2602 habitum
637 2551 775 2615 ueritatis,
799 2550 877 2619 qnod
895 2551 982 2603 etism
1000 2551 1036 2606 de
1059 2551 1124 2604 slis-
1164 2549 1165 2582 Τ

126 2637 189 2684 ium
212 2631 349 2683 virtutum
372 2627 597 2698 theologicarum
625 2627 774 2682 habitibus
801 2629 939 2683 similiter
970 2629 1124 2684 dicendum

125 2718 178 2776 est,
201 2723 258 2762 non
279 2702 403 2778 produci
423 2709 544 2777 physice
565 2723 617 2775 per
638 2715 727 2774 aetus,
749 2699 823 2762 siout
843 2707 1046 2764 de‘hebitihns
1068 2711 1124 2762 vir-

122 2793 217 2842 tutum
233 2789 384 2842 moralium
408 2787 511 2842 docent
526 2787 706 2855 Philosophi,
729 2787 779 2840 sed
796 2803 812 2840 a
829 2789 886 2841 Deo
909 2789 1029 2842 infundi
1038 2787 1120 2858 juxto

125 2863 158 2918 id
187 2865 266 2932 quod
295 2865 371 2920 dixit
392 2858 493 2936 Apost
522 2866 603 2921 Rom.
627 2870 652 2919 5.
689 2866 881 2920 Caritas-Det
908 2869 1013 2936 ἀφῆκα
1036 2877 1077 2920 eet
1097 2869 1121 2918 is

72 2953 75 2960 '
125 2943 252 2998 cordibus
278 2947 377 2998 uostris
393 2946 599 3015 perspiritum
626 2956 757 3010 sonetum,
790 2948 835 3016 qui
863 2947 942 2999 datos
971 2956 1013 3000 est
1033 2948 1122 3009 soih,

17 3087 18 3090 Ἴ
122 3031 152 3080 et
173 3039 210 3078 ex
231 3025 591 3096 consequenti-seeundum
607 3021 831 3079 communiorem
853 3033 880 3079 ot
894 3025 1120 3094 probabiliorem

122 3103 337 3174 'theologorum
364 3105 537 3157 sententium
559 3105 595 3158 sb
618 3106 740 3172 ipsomet
763 3105 821 3158 Deo
847 3105 946 3176 eugeni
975 3121 1034 3160 non
1057 3117 1119 3158 vero

123 3199 177 3253 per
198 3189 278 3237 setus
300 3183 429 3252 aliquoi,
456 3183 515 3236 nisi
537 3191 647 3238 tantum
669 3183 841 3253 dispositive
862 3193 889 3237 et
911 3186 1071 3251 meritorie,
1091 3189 1121 3234 nt

123 3257 272 3331 inpriore
300 3269 381 3330 perte
410 3261 521 3316 dietum
551 3269 593 3316 est
614 3271 694 3316 tract.
708 3263 744 3316 s.
768 3277 832 3332 esp.
855 3263 881 3316 4.
905 3272 973 3318 seet.
996 3264 1025 3318 6.
1047 3259 1119 3316 unde

123 3341 286 3394 Concilium
310 3341 514 3396 tridentinum
541 3341 676 3395 observat
703 3359 770 3396 sess.
794 3343 916 3411 ussup·
942 3341 988 3397 10.
1024 3341 1120 3396 Euole-

121 3417 196 3468 sinm
217 3417 295 3471 illud
316 3425 501 3490 angmentum
512 3435 533 3488 tt
548 3421 607 3474 Deo
629 3422 776 3488 postulare
798 3423 827 3474 in
843 3421 968 3492 quedem
991 3422 1117 3482 collecti,

124 3501 190 3545 uum
212 3492 300 3552 di'eit:
314 3501 316 3505 ⁴
332 3495 382 3550 Do
400 3498 476 3552 nobis
496 3499 576 3552 Fidei
583 3538 589 3560 ‚
612 3501 672 3567 spei
692 3509 718 3554 et
738 3502 863 3556 caritatis
882 3511 1061 3570 enqmeotom.
