2356 3870
983 3 1005 7 vv
1024 2 1104 10 -n—..„

305 163 343 208 nr
361 163 506 208 nrcrnecr
526 163 715 208 errrorerrs.
950 140 1015 212 409

42 287 185 358 praesertim
207 285 400 356 requiruntur.
443 283 572 338 Primum
593 291 649 354 ecl,
678 291 708 337 nt
731 296 856 353 corpore·
872 286 910 342 sit
929 299 1013 356 prse-

40 383 88 421 sens
105 371 131 420 et
149 371 242 420 mente
264 365 296 418 in
317 365 408 418 Deum
424 370 575 429 =ettentnr3
607 364 659 432 qui
680 363 758 418 enim
782 364 876 420 sciens
896 365 929 417 in
957 365 1012 420 nli-

39 461 80 516 qnc
97 445 224 500 Ecclesia
243 443 369 500 lliirssm
397 443 562 512 celebrari,
583 442 661 497 domi
688 457 718 499 rc
745 443 906 498 contineret
933 457 1014 498 men·

38 535 129 595 temque
148 525 239 578 solnm
259 524 338 578 circe
359 523 497 594 mysterio
518 522 623 577 Misere
648 522 818 592 sppiiecrel,
840 523 909 577 huie
929 525 1013 594 prce·

36 610 101 674 cepto
120 619 174 658 nnn
196 603 391 657 retisieoeretr
424 604 499 657 slent
520 602 654 668 cecilie,
679 603 731 674 qni
752 613 871 670 corpore
892 599 1011 674 quidem
1059 595 1062 600 ’

36 699 148 752 praesens
168 690 258 749 essct,
287 682 342 736 sed
367 683 464 738 enimc
493 683 576 740 renis
604 681 910 754 cogitationibnsper
931 690 1013 735 ncte-

35 761 107 816 bilem
125 763 254 832 aliquem
269 761 374 816 Misere
395 767 506 831 purtem
525 760 684 816 deliberate
699 760 913 816 distraheretur.
946 759 1010 814 Non
1113 789 1121 798 -

35 849 69 895 est
92 857 150 896 vero
178 838 447 914 necessarlum-(nt
474 847 550 898 recte
578 840 720 896 observet·
733 839 853 896 Toletus
880 839 933 896 lib.
956 837 1010 911 6.),

36 921 132 975 curibus
152 919 270 990 redire,
293 921 342 975 rel
358 921 511 976 intellectu
524 921 681 992 'percipere
702 936 749 986 ee,
772 935 845 991 quse
866 921 898 976 in
920 919 1011 977 biitsc

35 999 162 1067 (licuntur,
194 999 241 1055 rei
263 999 444 1055 sacerdotem
473 1000 665 1055 celebrantem
693 1001 786 1056 oculis
815 999 929 1068 videre,
950 997 1011 1056 seli

36 1081 132 1134 norrlis
145 1081 310 1149 praesentis
327 1079 457 1150 corperis
478 1086 506 1134 et
524 1080 661 1133 .rirtuelis
683 1079 785 1134 saitem
800 1082 919 1134 cilentio
933 1093 1012 1134 rnen-

36 1161 63 1210 tir
79 1161 184 1214 reiicit.

81 1238 171 1292 Potest
189 1240 278 1295 etism
299 1237 374 1310 quis,
396 1243 429 1294 ut
451 1237 535 1294 dccet
554 1238 633 1296 idern
649 1237 768 1292 'l'oletus
790 1247 818 1295 et
838 1237 893 1306 ciii
912 1238 1011 1307 plures

35 1316 168 1389 ibeologi,
190 1333 225 1373 co
247 1325 393 1388 tempore,
411 1332 468 1388 qno
490 1315 596 1372 iiisree
617 1319 754 1373 interesse
775 1321 901 1384 tenetur,
923 1316 1012 1371 simul

37 1397 133 1451 reeitnre
154 1398 243 1451 horae
263 1399 419 1452 ccccnicur
446 1411 603 1467 precesque
629 1395 716 1464 alies,
746 1397 783 1451 eti
805 1410 878 1468 ques
899 1395 1012 1467 obligo*

36 1483 80 1544 tur,
99 1485 124 1530 et
142 1477 259 1548 utrique
281 1475 456 1546 obligationi
476 1475 563 1530 simui
583 1477 766 1542 satisfecere,
788 1475 1012 1540 commorimur

35 1563 111 1611 monet
128 1555 273 1610 Neverrcs
295 1570 319 1608 c.
344 1557 389 1610 lc.
412 1567 489 1609 cunr.
511 1554 540 1610 8.
562 1557 604 1610 itu
625 1571 725 1626 preces
746 1556 815 1610 ilice
836 1556 951 1624 recitet,
981 1562 1012 1608 ut

36 1637 198 1690 ellectionem
221 1633 492 1692 auditionibiissce
513 1637 705 1690 necessariam
727 1651 784 1690 non
806 1635 933 1702 omittet,
956 1634 1012 1688 sci·

36 1719 102 1782 etque
118 1724 146 1769 et
168 1715 240 1768 velit
261 1713 379 1769 Missum
398 1714 522 1780 cudite,
553 1721 581 1769 et
601 1715 702 1770 saltem
731 1715 895 1770 virtualiter
923 1714 1013 1786 hujus

36 1795 150 1848 sacrificii
172 1793 321 1849 oblatione
345 1795 434 1848 Deum
456 1795 560 1848 colere.
888 1821 892 1828 -

81 1873 103 1927 c.
143 1871 284 1939 Quneres,
313 1889 349 1926 en
380 1874 443 1944 qul,
474 1872 542 1928 dnm
566 1873 655 1928 Misso
681 1873 862 1940 celebretur,
891 1881 1010 1942 peccate

35 1965 74 2003 sue
98 1952 258 2018 confltetur,
288 1953 370 2008 illius
384 1951 544 2008 -acdiendi'
565 1960 720 2024 praecepto
747 1953 915 2008 satisfaciet.
958 1951 1013 2007 Rc·

36 2031 183 2099 spondetur,
215 2031 294 2101 quod
322 2033 462 2102 quemvis
483 2033 585 2088 Surres
612 2039 648 2086 et'
667 2033 807 2098 Acorius,
840 2045 913 2101 qnos
942 2033 1014 2086 citet

37 2107 160 2166 Bonrcins
175 2124 224 2182 qu.
241 2111 276 2165 dc
289 2111 380 2165 Miser
393 2121 492 2179 punct.
510 2111 555 2164 ii.
571 2111 747 2175 existiment,
763 2118 821 2165 nori
836 2107 1011 2177 satisfecere,

38 2187 206 2247 nibilominus
230 2191 469 2259 probabilissime
496 2191 556 2246 dici
578 2197 685 2258 polest,
714 2201 779 2256 eos,
794 2190 861 2259 “qui
879 2195 1012 2258 tenpore

38 2265 134 2338 Missae,
161 2271 332 2340 praesertim
353 2271 545 2337 solemnioris,
565 2268 760 2339 paroehialis,
788 2285 814 2320 v.
838 2285 862 2337 g.
886 2282 938 2336 per
959 2268 1013 2322 eii-

36 2348 98 2414 quoti
116 2349 201 2406 breve
221 2347 359 2420 temporis
383 2349 569 2404 intervalium
598 2347 772 2402 confessioni
794 2345 945 2402 ssciendne
966 2348 1013 2400 in·

36 2418 162 2495 conbort,
185 2423 460 2500 praecepmltimre
482 2428 645 2482 audiendae
666 2423 839 2492 satisfecere,
862 2434 922 2479 tum
942 2428 1011 2494 quir
1044 2449 1047 2456 »

34 2501 122 2562 inille
142 2509 336 2578 poenitentioe
357 2516 423 2583 cetu
448 2507 576 2578 plurium
604 2507 727 2562 eliorum
754 2505 898 2560 virtutum·
922 2515 1011 2570 ectus,

33 2588 302 2650 etiamnullum,
332 2587 520 2652 humilitatis,
543 2587 613 2641 boni
635 2586 780 2656 propositi
802 2593 854 2665 etc.
877 2597 1013 2638 exercen-

35 2668 84 2728 tur,
108 2670 154 2736 qui
176 2681 265 2722 exse
287 2667 362 2722 nibil
383 2667 511 2729 obstent,
541 2668 599 2720 inno
622 2667 779 2735 plurimum
800 2663 953 2720 conterunt
973 2663 1012 2716 eti

36 2737 93 2807 boc,
118 2755 147 2802 nt
169 2747 236 2818 quis
257 2745 360 2801 devote
388 2745 533 2803 sacrificio·
553 2745 657 2804 Missae
686 2746 812 2814 intersit,
841 2753 901 2798 tum
926 2743 1025 2824 etiem,

37 2821 93 2886 quic
110 2826 266 2880 communis
295 2833 412 2880 usussset
432 2826 532 2894 praxis
557 2826 603 2878 'itc
624 2825 784 2879 obtinuisse
813 2823 947 2877 vitietur:
981 2823 1012 2877 in
1044 2837 1047 2841 ·

36 2896 153 2959 Ecclesiis
175 2901 321 2975 siquidem
342 2903 576 2974 parochialibus,
601 2904 663 2957 illis
684 2905 866 2972 praesertim,
895 2904 927 2957 in
949 2903 1014 2974 qul-

34 2975 80 3032 bus
98 2997 147 3038 cnr
169 2991 279 3039 centurn
301 2992 351 3040 ent
371 2985 462 3038 riterr
483 2984 572 3038 Missa
599 2981 740 3038 celebrari
765 2981 839 3038 solet
868 2981 960 3052 (quod
981 2983 1012 3035 in
1035 3033 1037 3038 ,

34 3055 93 3112 vicis
112 3071 138 3117 ct
157 3064 240 3134 pagis
268 3065 401 3134 ireqnens
423 3064 494 3134 est),
525 3064 618 3117 soient
640 3070 670 3116 ut
694 3063 852 3132 plurimum
882 3063 1012 3114 conticeri
1058 3098 1061 3105 ,

35 3142 205 3210 poenitentes,
228 3144 344 3197 interim
365 3143 435 3197 cium
457 3141 560 3208 Misce,
582 3141 630 3196 cui
651 3142 808 3207 intersunt,
831 3140 1011 3208 celebretur3
1045 3168 1049 3172 ,

36 3229 76 3270 nec
95 3221 168 3276 ullus
190 3223 284 3278 adhuc
305 3223 467 3292 Episcopus
489 3228 539 3278 cut
558 3221 689 3292 superior
710 3220 742 3274 ili
763 3218 922 3289 prohibuit.

81 3299 252 3370 Secundum,
282 3301 361 3372 quod
383 3302 554 3372 requiritur,
584 3309 639 3360 est,
670 3305 702 3352 ut
722 3299 810 3352 Missa
831 3298 944 3360 intents
965 3309 1014 3350 eu-

35 3369 125 3445 liirtnr,
144 3383 253 3438 erilem
281 3397 373 3452 usque
401 3381 438 3434 sd
460 3379 623 3436 Sacerdotis
652 3377 900 3445 benedictionem,
925 3374 1034 3447 juxte*

33 3463 152 3516 erroneus
178 3461 225 3518 tc.
269 3461 396 3518 Geneiiii
423 3460 601 3533 Agrtbensis
626 3464 657 3513 et
688 3471 753 3528 esp.
783 3455 850 3512 &rm
877 3457 914 3510 nd
940 3455 1013 3510 cele-

32 3527 147 3605 itcmins,
178 3539 214 3597 cic
241 3549 368 3598 consecr.
401 3539 468 3596 dist.
498 3538 525 3594 l.
553 3541 605 3609 qui
629 3539 710 3594 eninr
739 3544 852 3610 perlem
881 3537 1012 3607 nlianm
