2314 3874
400 135 402 141 ,
468 105 506 148 ιιιι
526 78 625 148 orire
644 93 804 148 mensurni.

319 291 324 300 ¹
366 315 369 322 ’
408 323 795 388 Quunsrruusunu
824 325 872 378 ιι.
922 379 926 386 ,

232 420 1042 478 ‚munitunemrdurestmutbmettetapoemaua

206 537 231 596 1.
275 535 316 595 Ut
335 533 403 593 huie
425 524 669 609 quaestirinculse'
683 539 814 604 satisfiet,
837 538 914 593 nibil
930 539 1034 608 aptius
1047 539 1141 592 efferre

144 633 311 691 mutemus,
343 633 441 694 quarn¹
457 618 549 686 ipsius
570 617 699 672 concilii
721 617 888 672 Tridentini
909 617 1078 686 decretum,
1107 620 1136 671 in

145 715 204 772 qno
232 701 296 770 quis
325 706 399 753 esset
426 699 577 751 universae
605 695 753 752 Ecclesiae
782 711 881 751 sensns
911 713 1007 767 super
1031 697 1082 752 hee
1100 713 1136 753 re.

147 773 307 833 declinarit
334 792 403 832 rese.
418 777 466 832 tt.
489 789 553 846 cap.
572 775 617 830 l‘l.
637 777 684 830 bis
705 775 817 833 verbis:
848 777 916 830 θιιιιι
945 777 1138 831 εωὶιιὶωιίιιιι

145 859 212 916 arcto
228 858 540 932 pervertatur,quaudo
560 873 629 913 unus
644 857 766 926 plurium
787 857 878 927 officia
897 867 1038 927 occupat,·
1057 867 1139 912 sande

145 933 233 994 sacris
263 937 417 991 Caaouibut
444 938 551 990 cautum
570 936 644 1006 filit,
672 938 802 990 nemiuem
828 945 954 1007 oportere
986 939 1016 989 in
1043 939 1142 992 duabus

145 1017 279 1074 Ecclesiis
300 1017 436 1086 adscribi,
464 1019 554 1070 besum
575 1017 701 1088 quouim
720 1017 797 1070 multi
816 1016 959 1090 improbae
987 1019 1146 1086 cupiditatis

147 1097 246 1170 affectu
267 1112 295 1151 re
316 1100 403 1168 ιἰιιοι,
425 1111 478 1148 noa
499 1095 587 1150 Deum
608 1091 784 1166 decipientes,
808 1113 841 1150 eu
861 1110 941 1165 quue'
953 1097 1025 1149 bene
1047 1099 1147 1152 cousti-

147 1185 205 1231 tuta
226 1186 295 1241 suut,
317 1177 402 1232 dariis
424 1175 528 1230 ortibus
548 1173 673 1238 illudere,
696 1185 721 1229 et
737 1175 821 1245 pluro
841 1177 922 1229 simul
941 1175 1081 1246 beneficia
1102 1178 1148 1230 ob-

147 1259 231 1312 tiaere
252 1274 305 1309 noa
327 1257 498 1314 erubeseunt:
528 1249 770 1348 sanctasynodus
791 1255 1065 1325 debitamreqendis
1094 1257 1147 1310 Eo-

147 1337 236 1391 clest'is
257 1337 427 1406 disciplinam
448 1335 588 1391 restituere
610 1337 732 1404 cupiens,
758 1335 901 1405 praetenti
925 1337 1055 1400 decreta,
1080 1338 1148 1406 quod

146 1419 176 1470 iu
195 1405 395 1488 quibuscunque
411 1416 556 1485 personis
563 1431 727 1489 quocunque
746 1416 835 1478 titulo,
866 1415 975 1468 etiamsi
1007 1415 1146 1472 Gar-dino-

148 1497 218 1550 latus
239 1494 338 1550 bonore
351 1495 493 1568 fitheuut
509 1496 621 1552 maudut
642 1495 793 1558 obseruari,
816 1495 924 1558 itatuit,
950 1503 983 1548 ut
1006 1498 1035 1548 irs
1054 1505 1145 1565 poete-

148 1593 207 1630 rum
228 1593 308 1629 unum
328 1585 430 1628 tantum
452 1575 605 1644 beneficium
619 1575 828 1628 ecclesiasticum
838 1575 955 1643 ,eraqulrs
972 1577 1145 1646 conferatur:

148 1655 220 1726 quod
239 1657 346 1726 quidem
367 1657 391 1708 si
412 1655 450 1708 ud
469 1655 551 1708 uitam
572 1655 643 1722 ejus,
675 1656 718 1706 cul
732 1653 892 1722 'confertum
922 1655 1037 1708 boneste
1066 1657 1145 1708 eusti-

147 1736 263 1788 neudom
290 1748 342 1788 noa
369 1733 504 1804 sufficiut;
535 1735 615 1788 liceat
641 1733 811 1786 nibilominus
829 1735 915 1787 'aliud
940 1737 1065 1805 simplet
1091 1735 1145 1804 eus-

76 1835 79 1843 *
138 1814 247 1883 ficiens,
269 1815 408 1869 dummodo
422 1821 561 1884 utrumque
570 1814 743 1883 personalem
756 1815 929 1886 residentiam
942 1832 1000 1868 non
1015 1817 1142 1886 requirat,

63 1941 67 1950 ,
150 1893 235 1948 eidem
256 1893 389 1971 conferri:
423 1891 552 1964 Haecque
573 1909 625 1946 ooo
646 1893 723 1947 modo
744 1895 783 1947 ud
802 1891 980 1948 Oatbedrales
997 1893 1141 1950 Ecclesiae.

101 2011 107 2028 ι
147 1975 196 2026 sed
217 1973 297 2027 etiam
317 1975 354 2026 ad
375 1974 432 2027 alia
453 1975 542 2027 omniu
564 1973 704 2044 beneficia,
728 1981 783 2028 tum
803 1975 938 2027 secularia
958 1991 1045 2068 quam
1069 1993 1143 2044 requ-

41 2051 43 2059 ‘
149 2049 250 2118 laria,
266 2067 438 2124 quaecuuque
466 2054 546 2106 etium
567 2055 749 2108 commendata
765 2054 936 2127 pertineant,
966 2054 1142 2124 cujuemtuqut

150 2133 223 2190 tituli
242 2151 275 2188 ae
288 2132 435 2206 qualitatis
455 2134 580 2188 esistunt

211 2209 257 2268 Ex
278 2213 385 2283 quibus
407 2210 533 2269 Coneilii
554 2211 650 2266 verbis
673 2207 814 2281 quaedam
838 2213 911 2271 scitu
933 2213 1103 2267 necessaris
1120 2225 1141 2265 ιι

151 2291 305 2348 observatu
323 2291 499 2364 dignissima
521 2284 658 2372 colligere
679 2305 839 2362 possumus

111 2381 113 2388 ‘
145 2365 148 2374 Δ
210 2369 238 2426 2.
281 2371 410 2426 Primum
432 2369 486 2440 esi,
515 2365 595 2441 qnod
617 2372 748 2443 quamtis
769 2369 877 2425 habere
896 2371 985 2440 plura
1006 2371 1141 2426 beneficis

151 2452 269 2506 nonsit
294 2453 449 2506 intrinsece
477 2450 602 2520 melum,
631 2451 762 2520 alioquin
789 2451 873 2505 nullo
889 2450 934 2505 'in
962 2463 1034 2504 casu
1064 2466 1140 2519 super

150 2528 213 2604 illis
234 2531 397 2602 dispensari
418 2535 524 2602 posset,
547 2542 607 2583 non
629 2523 672 2586 esi
693 2537 787 2584 tumen
809 2545 845 2584 ex
866 2545 896 2584 se
917 2531 1038 2585 omnino
1059 2530 1140 2585 indii·

150 2595 256 2684 leneus,
280 2610 330 2664 sed
350 2619 394 2664 est
414 2626 450 2664 ex
471 2624 573 2681 genere
595 2625 702 2675 eorum,
726 2625 799 2680 quae
821 2610 1036 2666 deformitatem
1059 2625 1155 2680 quan·
1154 2617 1155 2666 t

84 2693 89 2701 ’
151 2675 218 2744 dam
240 2697 267 2744 ot
287 2689 531 2745 inordinationem
552 2699 622 2758 prae
639 2699 672 2743 sc
694 2689 802 2756 ierunt,
825 2703 905 2744 cum
913 2689 1155 2770 Coneilinmdi-

150 2775 226 2836 cat,
240 2769 407 2840 pluralitate
428 2769 482 2826 ills
503 2769 635 2840 ordinem
656 2767 882 2824 ecclesiasticum
908 2771 1052 2838 perverti,
1084 2771 1155 2838 pro

78 2843 84 2856 ‘
150 2845 279 2928 indeque
305 2849 421 2903 nonnisi
451 2849 591 2906 adhibitis
613 2847 698 2902 certis
718 2849 944 2902 circumstantiis
966 2847 1138 2904 cohonestsri

152 2941 253 2998 posse:
262 2935 357 3020 qnae
385 2926 428 2982 e'st
449 2941 598 2997 expressa
607 2927 633 2981 S
650 2925 776 2982 Thomna
807 2927 940 2982 doctrina
966 2925 1135 3000 quodlibi.

154 3013 205 3086 art.
225 3003 300 3062 15.
293 3008 340 3061 cui
363 3003 552 3062 communiter
573 3007 634 3060 alii
648 3005 791 3078 Theologi
811 3007 1011 3062 subscribunt.

214 3085 376 3142 Secundum
397 3092 456 3153 est,
484 3086 682 3156 pluralitatem
709 3085 793 3140 illum
812 3089 982 3156 praesertim
1011 3087 1044 3141 in
1064 3087 1139 3141 bene·

152 3167 226 3222 liciis
249 3181 345 3221 curam
367 3166 528 3223 animarum
548 3165 740 3236 habentibus
745 3168 855 3220 censeri
875 3167 1026 3234 illicitam,
1050 3175 1082 3222 ut
1099 3179 1140 3219 ex·

149 3261 249 3313 presse
271 3245 462 3314 declinetur·
453 3261 485 3304 ιιι
508 3225 641 3300 Coumlin
663 3244 792 3300 Trident.
814 3246 879 3300 loco
904 3262 967 3316 sup.
991 3248 1044 3300 eit.
1071 3254 1098 3300 et
1115 3245 1154 3297 in¹

155 3323 286 3379 Concilio
303 3324 487 3388 Lateranenri
502 3324 557 3379 sub
571 3324 740 3380 Alexandro
755 3325 806 3378 ΙΙΙ.
822 3340 886 3396 oap.
905 3323 950 3381 i3.
966 3326 1140 3396 quodetiam

113 3433 116 3436 -
154 3400 290 3456 similiter
317 3401 539 3472 intelligendum
567 3411 610 3458 est
637 3403 673 3458 de
700 3403 767 3458 eliis
795 3405 1021 3475 quibuscunque
1041 3407 1141 3460 incom-

105 3499 108 3506 ,
153 3477 337 3544 petibilibus,
359 3481 458 3550 quales
473 3488 540 3535 sunt
560 3480 724 3554 dignitates,
738 3489 917 3553 personatus,
933 3484 1033 3539 officie
1049 3491 1077 3539 et
1091 3484 1140 3537 elis
