2356 3870
308 141 350 224 ns
368 175 514 223 ercitum
536 179 728 227 reticueris
908 195 910 200 v
960 161 1025 234 tot

359 397 762 508 sessionis
948 497 998 511 2,

140 559 339 630 Explicatur
355 558 488 630 tardum
507 557 669 628 decalogi·
676 561 898 631 praeceptum
990 641 991 644 Ἴ

170 695 345 779 Memento,
366 704 403 760 ut
424 695 509 762 ὤιιιιι
522 691 661 816 Sabbuti
682 669 897 764 emetifioos.

85 854 110 910 i.
150 855 212 910 lioc
235 856 349 910 tertium
371 853 504 925 decalogi
523 809 719 924 praeceptum,
740 863 773 910 ιιι
791 858 943 914 assertis
963 859 1021 914 Do-

22 945 87 992 olor
106 942 213 1005 quaest.
237 933 283 990 12
309 933 412 987 arti.
441 931 528 988 adi.
557 935 665 1003 partim
691 933 802 990 moreio
829 945 887 1004 est,
914 939 1021 1008 partim

21 1015 230 1070 ceremoniale:
265 1013 373 1068 morule
393 1012 528 1083 quidam,
559 1019 700 1083 quatenus
727 1027 779 1082 par
806 1015 883 1070 illud
909 1019 1021 1088 proeci-
1088 1025 1090 1030 '

21 1097 110 1165 pitur,
133 1102 164 1148 ut
184 1093 271 1149 homo
292 1093 426 1161 sepositis
441 1093 508 1147 eliis
530 1091 740 1162 temporalibus
754 1096 877 1164 negotiis
899 1097 1021 1167 aliquod

21 1177 100 1228 vitae
131 1189 199 1228 suae
230 1182 342 1242 tempus
371 1171 475 1228 divino
505 1172 601 1227 cultui
634 1171 841 1243 religionisque
873 1177 1019 1230 exercitiis

22 1253 158 1322 deputet3
189 1251 383 1306 ceremoniale
405 1262 481 1318 varo,
505 1258 645 1320 quotanus
668 1250 730 1305 dies
746 1251 866 1306 Sabbtti
888 1253 1020 1326 designa-

21 1343 77 1399 tur,
97 1333 129 1386 in
151 1346 210 1402 quo
225 1329 403 1400 temporalis
421 1345 509 1400 opera
530 1331 720 1384 intermittere
743 1338 771 1385 ot
790 1332 847 1386 soli
863 1333 923 1388 Deo
945 1331 1021 1416 ejus·

19 1427 77 1482 que
96 1411 189 1480 cultui
211 1425 313 1466 vacere
329 1409 472 1480 jubetur.
500 1408 589 1480 idque
611 1417 671 1464 tum
692 1410 724 1463 in
745 1413 911 1466 memoriam
932 1393 1020 1469 bene·

20 1491 82 1546 licii
102 1490 279 1558 creationis,
311 1488 391 1544 Deus
412 1489 488 1544 enim
508 1489 676 1544 universum
689 1482 828 1546 mundum
850 1505 902 1546 sex
917 1491 1021 1546 diebus

20 1571 158 1639 perfecit,
189 1577 216 1624 et
237 1569 358 1638 septimo
386 1568 493 1622 diceb
524 1568 660 1637 operibus
690 1570 820 1638 quievit3
854 1578 913 1624 tum
933 1571 1022 1626 etiem
1107 1565 1109 1570 ’

20 1652 51 1702 in
81 1651 202 1722 ilgursm
233 1647 341 1704 Christi
370 1647 506 1716 Domini,
537 1654 655 1717 peraeto
684 1649 892 1719 redemptionis
925 1665 1021 1739 opere,

20 1735 79 1783 toto
98 1727 278 1783 aeternitatis
300 1727 400 1781 heatae
422 1726 543 1781 sabbato
566 1728 702 1798 quieturi.

77 1806 105 1862 2
150 1807 345 1877 loquentum
369 1807 484 1861 morale
511 1813 566 1873 ast,
595 1821 693 1862 omnes
722 1817 834 1877 semper
863 1817 891 1863 et
918 1808 1019 1868 eodem

18 1886 103 1942 modo
132 1885 258 1957 obliget,
289 1901 369 1951 oum,
398 1893 429 1942 ut
458 1886 547 1940 sits
571 1885 677 1946 Ductor
705 1902 768 1956 sup
799 1888 837 1941 uh
856 1889 929 1958 ipss
956 1889 1019 1958 loge

19 1966 122 2020 divine
147 1965 275 2020 naturali
303 1963 468 2031 1ο11ιιιιιιιι;
501 1966 531 2020 io
553 1971 693 2036 quantum
721 1981 789 2019 uero
817 1967 1019 2034 ceremoniale,

18 2053 110 2126 morte
138 2043 249 2100 Christi
277 2043 396 2098 Domini
427 2045 609 2114 antiquatum
637 2051 696 2109 esi,
729 2051 761 2098 ut
792 2044 957 2100 declaretur
987 2047 1019 2098 in

21 2125 204 2179 Cotcchismo
223 2123 355 2180 Romano
382 2129 457 2192 part.
480 2123 507 2177 3.
537 2138 561 2177 o.
584 2121 612 2176 4.
633 2123 686 2176 uhi
713 2123 833 2214 dicitur,
861 2124 1018 2192 Apostolos

16 2219 53 2258 ex
76 2212 188 2273 septem
208 2202 409 2258 hebdomadae
431 2201 535 2257 diebus
555 2202 652 2270 illum,
677 2202 727 2271 qni
748 2203 859 2294 primus
881 2210 933 2269 cst,
955 2202 1019 2270 loco

17 2281 140 2353 septimi
161 2275 345 2353 subrogosse,
368 2292 395 2336 et
416 2281 518 2337 divino
540 2281 662 2336 cultui'
654 2297 684 2334 ιιι
706 2281 873 2336 memoriam
895 2282 1033 2337 domini-¹
1113 2277 1116 2282 ’

15 2377 66 2417 ose
87 2363 324 2417 ressurrectionis
346 2361 545 2429 consecrasse,
573 2361 716 2431 illumque
737 2359 813 2417 diem
830 2360 947 2417 *idcirco
968 2353 1045 2416 (1οΤ

17 2442 158 2497 mimicum
181 2447 315 2496 uocatum
343 2441 440 2496 inisse.
483 2440 598 2495 Praeter
627 2455 711 2509 quem
739 2439 815 2494 eliae
835 2440 899 2510 pari
922 2440 1020 2494 obser·

16 2523 135 2576 votione
157 2521 292 2576 tunultu
306 2519 687 2574 observandos-lestivilutcs
706 2519 740 2572 iu
758 2519 895 2573 honorem
911 2517 1019 2580 Christi

13 2600 139 2655 Domini
154 2601 367 2654 etesnctorum
382 2598 445 2670 ejus
458 2599 607 2654 institutae
622 2605 700 2664 sunt,
721 2599 827 2668 purtim
843 2613 1019 2652 summorum

14 2679 195 2734 Pontificum
216 2678 354 2746 decretis,
370 2677 405 2734 de
423 2677 530 2750 quihus
550 2677 703 2746 speciatim
725 2679 783 2748 egit
799 2679 900 2733 sueres
921 2677 974 2732 lih'.
989 2675 1017 2732 2.

10 2757 55 2812 de
76 2757 170 2814 Fertis
198 2761 302 2826 cap;·5
321 2764 353 2811 -et
372 2773 431 2828 seq.
462 2759 568 2826 partim
588 2751 799 2826 Episcoporum
828 2757 1022 2827 statutisrpo-

16 2837 106 2906 pulos
128 2831 341 2892 siht'suoditos
370 2836 585 2911 obligantibus,
613 2843 646 2890 ut
671 2836 795 2892 hebetur
823 2852 885 2907 cop
909 2837 960 2892 ult
985 2836 1021 2890 de

15 2916 114 2982 ieriis,
136 2923 161 2972 at
183 2916 342 2972 inconcil.
361 2915 492 2970 Trident.
515 2931 583 2970 sess.
593 2915 655 2970 ,25-
674 2929 737 2984 cop,
741 2915 806 2970 12.
823 2915 1018 2972 dereformat
1036 2919 1038 2924 “

12 2996 126 3063 partim
149 2998 237 3051 otiam
254 2996 467 3054 consuetudine
487 2995 697 3092 Episcopornm
723 3011 864 3053 consensu
885 3009 1021 3069 expresso

16 3076 62 3129 vel
86 3077 178 3132 tacito
193 3074 371 3145 approbata.
452 3143 454 3148 Ι
1032 3093 1035 3100 ν

485 3230 509 3302 1Ι
539 3231 576 3286 1.-
734 3245 738 3256 ⁴

49 3340 198 3404 Qwenpm
217 3340 392 3410 requirantur
413 3339 450 3392 ad
463 3339 599 3409 festorum
618 3337 722 3390 diarum
733 3333 988 3403 'aaoolifieott'ooem

76 3474 105 3532 i.
146 3477 213 3530 Duo
232 3473 405 3545 praesertim
417 3474 608 3544 requiruntur
628 3471 665 3526 ed
686 3469 944 3525 sanctificationem
959 3465 1020 3522 dio·

9 3569 78 3610 rum
111 3557 265 3612 iestomm.
304 3553 443 3624 Ῥιὶιιιιιιι
472 3558 539 3621 eat,
564 3557 596 3606 ut
621 3551 664 3606 'ab
679 3607 682 3610 ,
695 3545 831 3620 operibus
862 3547 1021 3612 servilibus
