2356 3870
344 1 440 14 *v*

347 139 383 182 cr
406 137 551 182 moncons
568 136 764 184 ιιιιιιιιιι.
987 119 1051 192 tit

79 259 194 316 Donet
220 267 316 313 cutem
337 258 453 312 Cotech.
476 258 559 314 Rom.
580 263 654 329 pert.
676 259 704 316 3.
727 275 789 332 cop.
813 266 839 317 ι.
862 263 979 322 nomine
1000 266 1051 320 n'o

11 341 100 394 noris
128 337 318 409 parentibus
338 336 499 392 exhibendi
522 341 577 394 tris
591 335 759 409 prccsertim
779 342 950 413 significari,
973 356 1050 400 nmo·

11 433 75 473 rem
96 419 243 485 scilieet,
261 417 451 472 reverentism
465 425 493 473 et
508 415 724 488 obedientium
755 428 889 476 tenentur
902 423 1049 494 siquidem

11 499 71 554 tilii
97 495 246 568 speciali
268 497 352 554 modo
374 497 411 551 sd
431 505 647 571 nmorem'ergn
666 508 810 570 parentes,
832 501 874 556 ito
894 510 925 556 nt
947 500 1049 560 cotum·

9 585 199 648 parentum
223 577 309 648 longe
336 578 454 648 grovim
480 585 631 647 peccatum
653 580 705 646 sit,
735 590 822 654 quim
849 580 1049 654 cujuscunque

7 659 157 713 alterius
194 671 357 727 personne:
390 655 636 712 undc'linvurrirs
664 658 804 728 osp.'ii.
835 675 912 716 num.
945 660 990 715 ii.
1021 669 1050 718 et

7 739 156 794 Toletns
184 735 242 790 tib.
266 739 292 790 5.
312 751 378 806 cop.
402 735 427 789 1.
451 736 620 792 existiment
640 739 670 792 in
691 747 810 808 peccato
838 740 899 794 odii
926 741 1049 796 circnm-

5 820 177 872 stsntism
203 829 347 885 personne
372 824 523 884 perennrm
542 829 614 871 esse
636 814 666 869 in
691 819 871 874 contorsione
901 819 1050 876 declsrrn·

7 899 107 952 dnm.
157 895 267 966 Neque
286 895 395 950 suiioit
416 911 506 950 emor»
520 895 666 964 internus,
696 898 747 953 sed
768 899 962 956 exterioribus
984 899 1049 954 eiic-

7 977 129 1032 ctibus
154 974 287 1046 prodere
308 974 459 1041 redebet,
488 973 561 1030 sico
583 983 614 1030 ut
634 982 786 1031 teneantur
814 979 869 1033 tilii
895 987 1049 1049 potentum
1097 1005 1098 1012 ι

7 1053 270 1112 necessitutibus
290 1057 352 1108 siro
372 1054 587 1124 ccrpcrsiibus,
618 1057 681 1109 sive
709 1055 927 1127 spiritualibus,
958 1070 1049 1130 quent

9 1148 83 1192 tum
123 1136 160 1189 in
194 1135 269 1203 ipsis
297 1142 351 1202 est,
380 1131 555 1190 subvenire:
586 1151 614 1188 v.
645 1149 684 1204 p·
701 1137 840 1190 elimenta
866 1145 895 1192 et
923 1139 982 1192 alis
1010 1138 1050 1194 ed

8 1220 123 1271 vitam
153 1215 338 1280 necessum,
361 1215 387 1267 si
408 1211 446 1266 sd
468 1219 621 1284 egestatem
643 1229 759 1284 grsvom
775 1214 890 1270 redacti
912 1215 983 1284 siut,
1002 1218 1048 1274 eit
1091 1258 1095 1265 1

9 1295 198 1366 praebere,
229 1294 255 1346 si
274 1293 313 1346 in
328 1291 540 1364 aegritudinem
570 1293 742 1360 inciderint,
761 1294 819 1348 *rel
846 1294 878 1348 in
904 1310 1048 1354 carcerem

13 1375 151 1431 detrusi
176 1373 253 1438 sint,
274 1373 357 1426 iilos
365 1373 513 1438 vinitore,
526 1379 555 1427 et
575 1387 641 1442 qno
654 1382 789 1443 poterunt
810 1371 895 1430 modo
913 1375 990 1444 ipris
1011 1373 1050 1432 si

12 1456 199 1510 sanitatem
220 1452 273 1506 vel
288 1451 453 1508 libertatem
471 1453 705 1530 recuperondsm
722 1467 896 1534 succurrere,
919 1461 946 1508 et
961 1470 978 1509 s
992 1456 1049 1513 tor-

14 1536 97 1590 tiori
126 1545 256 1598 onrsre,
281 1545 320 1585 no
338 1530 455 1601 absque
484 1531 575 1602 digne
595 1521 844 1587 §aeramentorum
865 1534 1048 1604 susceptione

14 1631 58 1670 ex
84 1615 155 1666 hac
180 1611 243 1664 vitu
264 1610 418 1675 decedent,
446 1626 518 1665 neve
538 1612 589 1679 pls
604 1625 701 1681 opere
722 1621 874 1681 parentum
895 1621 1047 1671 tertcmen·

16 1696 59 1748 ιιι
84 1691 286 1763 praescripto
307 1690 485 1757 differentur,
506 1705 580 1744 neue
602 1693 745 1765 suffragiis
760 1693 908 1750 Ecclesiae
929 1701 958 1750 et
979 1695 1047 1750 eliis

13 1770 186 1829 subsidiis
211 1783 384 1839 quocunque
398 1770 495 1824 modo
500 1769 606 1824 debitis
627 1779 826 1839 postmortem
849 1773 1047 1830 fraudentur·

86 1851 253 1905 Tenentur
281 1851 367 1904 etiem
396 1849 452 1903 tltt
480 1850 670 1928 reverentiam
697 1850 877 1922 parentibus
888 1855 1046 1922 exhibere;

13 1942 88 1988 sunt
126 1931 206 1984 enim
234 1925 281 1999 (ιιι
299 1927 431 1999 loquitur
453 1929 566 1983 Coteoii.
594 1929 675 1984 Rom.
705 1929 785 2004 sup.)
814 1934 972 1988 immortalis
993 1935 1048 1988 Dei

15 2013 114 2085 quasi
132 2009 447 2080 quaedameimoloora:
476 2020 564 2079 qnare
576 2010 646 2064 olim
663 2010 794 2064 ediceret
805 2011 985 2067 DeusExod
999 2011 1047 2069 tt.

21 2094 84 2155 Qui
109 2089 291 2144 maledixerit
306 2089 386 2158 petri
396 2089 454 2142 cel
467 2089 561 2152 matri,
586 2097 671 2144 morte
691 2091 831 2143 moriatur.
874 2091 960 2146 Unde
982 2102 1048 2146 con·

20 2170 195 2238 romeliae,
217 2169 364 2236 convinit,
384 2168 533 2228 irrisiones
547 2176 584 2222 et
605 2167 713 2222 similis
733 2170 1049 2241 poccntcsqmeple-

21 2263 165 2320 rumque
201 2247 237 2303 ob
268 2247 415 2303 levitatem
446 2247 582 2302 materiae
610 2249 652 2301 in·
672 2248 739 2301 eliis
768 2251 899 2318 personis
929 2249 1048 2305 nonnisi

24 2329 176 2386 venialis
199 2329 306 2394 forent,
335 2327 558 2396 inpotentibus
583 2327 624 2382 eb
642 2327 887 2383 circumstantiam
908 2342 1050 2398 personne

21 2420 57 2466 nt
84 2409 257 2479 plurimum
280 2403 421 2461 mortolio
435 2411 608 2472 censentnr3
642 2406 732 2462 simili
758 2407 869 2463 ratione
889 2416 1047 2478 percutere,

21 2488 234 2562 quantumvis
257 2486 359 2540 leviter
379 2493 526 2555 parentes,
551 2487 609 2540 imo
630 2487 692 2540 illis
715 2487 895 2543 solummodo
915 2489 1047 2543 intermi-

20 2570 121 2636 nari,
145 2566 245 2638 gravis
266 2573 397 2636 respectu
418 2566 691 2620 iliorumeensetur
715 2566 839 2637 injuris,
865 2567 1047 2638 proindeque

21 2653 199 2720 peccatum
220 2647 356 2712 mortale,
385 2652 417 2698 ut
444 2652 575 2699 esserunt
598 2645 739 2713 Grotius,
769 2646 963 2717 Reginaldus,
992 2646 1049 2701 Nn*

28 2741 147 2782 varrus
180 2732 208 2780 et
234 2724 302 2794 elii,
332 2737 404 2796 quos
433 2725 503 2780 citet
531 2733 559 2777 et
586 2727 715 2794 sequitur
740 2726 888 2782 Bonsoinc
915 2727 991 2797 disp.
1020 2726 1048 2783 o.
1101 2747 1104 2754 ¹

29 2807 71 2861 de
97 2807 131 2860 4.
155 2804 251 2861 deenl.
273 2811 429 2874 praecepto
449 2820 475 2874 q.
499 2805 576 2858 nnio.
597 2811 696 2872 punct.
719 2805 746 2858 2.

103 2883 137 2937 2.
183 2879 333 2940 Tenentur
361 2884 581 2953 deniqne'tilii
602 2883 721 2938 obedire
748 2887 938 2955 perentibus:
971 2885 1049 2942 undo

29 2965 209 3034 Apostolus
235 2963 370 3034 pluribus
399 2964 431 3016 in
459 2963 531 3018 locis
559 2962 636 3016 iliud
656 2963 803 3018 inculcat:
827 2966 947 3022 ¹coloss.
970 2966 997 3020 ³.
1021 2972 1050 3020 et

26 3045 153 3116 Ephesi.
178 3044 211 3098 c.»
248 3043 314 3100 Filii
334 3044 437 3098 obedite
452 3043 626 3112 parentibus,
657 3052 685 3097 et
709 3041 773 3113 ipse
795 3045 927 3100 Christus
949 3045 1048 3099 Domi·

32 3141 111 3192 nus,
137 3130 171 3178 ut
193 3121 279 3193 hujus
301 3121 514 3178 obediontine
504 3137 536 3176 ιιι
557 3137 588 3176 se
608 3123 760 3193 praeberet
782 3125 960 3194 exemplum,
982 3137 1048 3178 scn-

30 3203 312 3336 ctissimcezmntri
335 3202 454 3274 ejusque
482 3215 603 3272 sponso
611 3203 646 3256 ·.S
672 3203 800 3272 iosepho
829 3212 888 3258 srot
914 3201 1048 3300 subditur·

38 3285 58 3338 S
96 3286 164 3340 Luc
836 3304 845 3312 ··

102 3365 206 3433 Atque
227 3361 374 3430 inprimis
397 3369 507 3416 torretur
529 3357 607 3414 tilido
620 3361 697 3430 petri
713 3358 860 3415 obedire
851 3376 882 3414 ιιι
903 3359 950 3426 ιιι,
974 3374 1048 3430 quoe

38 3441 82 3496 od
104 3441 358 3514 gubernationem·
367 3439 474 3496 domus
489 3441 650 3512 pertinent,
675 3441 716 3494 itu
737 3445 777 3506 ut,
801 3439 828 3493 si
847 3446 958 3494 recuset
977 3439 1046 3496 obe-

42 3521 142 3578 dirc'
129 3537 166 3576 ιιι
188 3535 219 3575 ιι
247 3519 329 3592 grsri
349 3527 380 3574 et
396 3519 523 3591 alicujus
550 3513 701 3587 momenti,
730 3519 855 3575 maxime
877 3520 905 3577 si
923 3535 959 3574 ox
980 3535 1049 3576 con
