2384 3868
149 101 193 168 tt
513 113 795 162 nr'nocuanrsrua

152 239 259 295 deinde
272 239 471 310 Bercugarics,
490 238 541 308 qui
556 237 677 292 eandem
691 237 842 290 veritatem
856 235 935 290 eirca
950 219 1066 290 sunum
1089 233 1186 292 1050

151 317 351 391 impugnavit,
387 333 474 388 qnam
504 325 600 372 tamen
630 316 814 373 coutumacia
844 315 923 370 omni
954 314 1110 384 deposita
1150 316 1187 370 in

154 400 266 454 Concii.
284 396 369 454 som.
399 397 453 452 sub
475 396 559 467 Greg.
574 396 640 450 VH.
667 403 769 466 postea
788 395 934 464 professus
955 402 1005 448 est.
1055 394 1187 450 Exorai

153 486 221 540 suut
247 475 433 548 postmodum
458 476 649 548 Albigemer,
678 475 730 546 qui
755 473 801 546 (ut
821 481 942 532 11111111
961 475 989 528 8.
1005 473 1187 533 Antonius

152 565 226 628 part
241 557 269 612 1.
298 558 342 612 tit
360 555 406 611 11.
436 571 499 625 cap.
516 557 542 611 7.
570 553 652 628 Μ.)
681 557 726 610 11·
742 555 925 610 Sacramenta
952 551 1187 610 Eucharistiae

154 637 263 696 Christi
277 636 397 690 Domini
418 650 523 706 corpus
544 650 610 692 vere
632 642 661 689 et
673 633 790 689 realiter
805 648 866 688 esse
881 640 1077 704 negaverunt,
1110 635 1188 704 qui-

152 717 207 771 bus
236 717 350 788 aliquot
375 715 442 786 p'oat
470 707 560 769 annos
588 709 822 783 subscripserunt
842 712 987 767 Haeretici
1007 713 1082 779 illi,
1126 715 1188 784 qui

152 797 347 868 Flagellantes
370 794 443 850 dicti
461 801 543 862 sunt,
566 801 598 848 ut
612 795 699 848 refert
712 791 875 847 Bernartius
890 783 1186 863 luxemburgensis

153 879 184 930 in
219 875 349 946 catalogo
381 873 605 930 Haeretioorum.
663 873 786 928 Domum
819 873 947 945 ioannes
982 871 1184 944 Zwinglius,

154 953 405 1024 Oeoolampadins,
426 953 612 1026 Bullingerns
628 952 738 1022 aliique
753 951 927 1008 recentiores
942 947 1074 1018 sectarii,
1099 967 1187 1023 quo-

138 1051 216 1090 rum
238 1048 340 1106 agmen
361 1034 468 1088 clausit
489 1031 628 1088 Calvinus
649 1047 715 1086 cum
737 1033 798 1086 suis
820 1029 956 1084 asseclis:
978 1029 1032 1100 qni
1049 1046 1184 1100 omnes,

152 1113 222 1170 licet
249 1114 325 1168 inter
353 1129 383 1168 se
410 1112 576 1180 discordes,
605 1113 636 1166 in
665 1127 698 1167 ao
728 1119 820 1166 tamen
850 1109 1047 1179 conveniunt,
1087 1114 1185 1182 quod

140 1191 263 1250 ,Christi
285 1193 404 1248 Domini
434 1207 537 1264 eorpus
559 1192 675 1248 realiter
695 1192 728 1245 in
746 1189 949 1244 Eucharistiae
971 1189 1186 1248 sacramento

154 1289 216 1328 esse
237 1280 351 1344 negent.
379 1299 384 1310 ·
896 1287 899 1294 ¹
932 1276 934 1287 ¹
961 1270 963 1278 '

214 1349 242 1406 2.
285 1350 428 1406 Probatur
447 1352 539 1422 igitur
559 1358 674 1404 nostrae
694 1347 780 1406 Fidei
800 1348 926 1414 veritas,
956 1355 984 1402 et
1006 1349 1110 1403 simul
1137 1367 1187 1405 er-

136 1447 234 1502 Ι11111
263 1429 393 1501 oppositi
420 1430 591 1484 refelluntur
613 1428 640 1483 i.
662 1428 836 1482 authoritate
857 1428 961 1496 script.
984 1425 1185 1486 111116.

97 1543 99 1546 -
155 1511 207 1567 nbi
235 1509 366 1565 Christus
395 1509 537 1563 Dominus
566 1508 601 1563 de
623 1509 805 1562 institutione
832 1505 921 1578 hujus
943 1508 1139 1565 sacramenti
1167 1528 1185 1564 a

156 1605 186 1645 sc
209 1587 344 1643 iacienda
365 1589 408 1642 sic
428 1589 574 1658 loquitur:
610 1587 711 1653 Pania,
734 1583 812 1658 qoem
833 1603 881 1656 epo
903 1587 989 1651 dabo,
1013 1604 1083 1642 caro
1112 1609 1184 1644 mea

156 1679 195 1724 eat
204 1685 259 1738 pro
272 1669 365 1722 maadi
378 1669 443 1732 rita,
467 1668 573 1723 deiude
588 1669 635 1722 88.
651 1666 812 1722 Matinae
828 1665 916 1720 illanc.
933 1665 976 1720 14.
992 1673 1019 1719 11
1031 1665 1114 1722 Luc.
1126 1669 1184 1724 22.

157 1747 289 1804 Christus
311 1747 452 1802 Dominus
473 1748 529 1802 hoc
544 1749 760 1802 Sacramentum
773 1737 928 1800 instituens
944 1745 1055 1816 apertis
1071 1758 1107 1801 et
1125 1765 1184 1803 ex·

157 1828 265 1900 pressis
286 1827 384 1881 vorbis
407 1826 499 1882 dixit:
530 1827 589 1881 Hoc
610 1837 649 1880 est
670 1843 767 1897 corpus
786 1841 885 1889 meum,
915 1825 959 1878 tic
987 1833 1188 1897 1111119111

157 1905 239 1962 meas.
283 1903 368 1962 Unde
390 1906 432 1961 alc
454 1907 647 1980 argumentari
668 1919 836 1976 possumus:
866 1904 996 1958 Christus
1018 1903 1185 1963 Dominus

158 1985 357 2042 Eucharistiae
387 1987 603 2042 Sacramentum
631 1985 786 2039 instituens
815 1983 898 2038 dedit
926 1984 957 2037 in
989 1981 1094 2038 cibum
1134 1989 1186 2060 id,

161 2065 241 2137 quod
261 2081 291 2120 se
313 2066 448 2120 daturum
469 2074 535 2121 ante
556 2067 747 2136 promiserat3
770 2064 851 2134 atqui
871 2064 902 2116 in
925 2063 1012 2117 citato
1029 2064 1059 2117 S.
1076 2065 1187 2120 -Joau-

162 2149 205 2201 nis
232 2147 297 2202 loco
326 2147 514 2216 promiserat,
548 2161 577 2200 se
607 2144 741 2198 daturum
769 2145 801 2198 in
829 2142 925 2197 cibum
954 2159 1011 2196 non
1042 2145 1185 2215 liguram

160 2227 289 2296 corporis
319 2226 379 2294 sui,
409 2224 459 2281 red
486 2226 643 2295 ipsummet
671 2227 784 2293 corpus.
827 2221 902 2294 Ergo
931 2221 1095 2278 dicendum
1123 2237 1186 2294 est,

161 2321 227 2361 vere
249 2319 353 2374 corpus
377 2319 460 2366 suum
481 2304 612 2368 dedisse,
640 2302 821 2374 proindeque
849 2303 947 2372 ipsum
976 2301 1090 2356 Christi
1118 2306 1186 2362 Do-

161 2385 234 2443 mini
262 2399 366 2454 corpus
394 2400 461 2438 vere
490 2392 519 2438 11
546 2382 663 2438 realiter
690 2383 721 2438 in
750 2383 932 2438 Sacramento
962 2381 1185 2440 Eucharistiae

161 2467 292 2520 existere.
342 2461 427 2530 Quod
454 2472 549 2516 autem
579 2461 668 2516 verba
695 2462 750 2516 ilia
777 2475 813 2516 ex
841 2463 867 2515 8.
891 2460 976 2515 ioan.
1005 2460 1106 2516 relata
1142 2466 1184 2520 de

161 2559 281 2613 corpore
303 2541 412 2596 Christi
433 2557 490 2596 non
519 2542 638 2610 figurate
660 2539 712 2594 aed
733 2555 798 2595 rere
820 2554 853 2594 ac
873 2541 991 2594 realiter
1012 2539 1044 2592 ln
1069 2541 1185 2599 cibum

162 2621 259 2677 dando
287 2620 481 2692 intelligenda
509 2621 583 2685 sint,
614 2627 726 2674 constat
754 2633 791 2674 ex
818 2619 952 2673 unanimi
980 2620 1028 2674 88.
1046 2617 1183 2678 Petrum

162 2699 320 2766 consensu,
348 2699 392 2754 ita
420 2700 497 2754 enim
524 2700 603 2752 huuc
628 2699 1185 2770 111111111111111111111111111

163 2781 272 2836 Christi
293 2780 411 2834 Domini
433 2780 596 2849 sumptione
617 2777 1185 2836 118111111111Ε111ι11111111111111-

164 2859 272 2930 pretati
291 2866 361 2912 suut
376 2859 429 2913 88.
441 2859 578 2926 Basilius,
602 2857 765 2930 Gregorius
776 2857 910 2928 Nyssen,
933 2857 1180 2928 chrysostomus,

167 2938 313 3008 cyrillus,
349 2937 550 3008 Epiphanius,
586 2937 766 3008 Cyprianus,
802 2937 946 3002 Hilarius,
981 2937 1184 3007 Ambrosius,

167 3019 377 3088 Hieronymus,
398 3019 595 3090 Augustinus,
618 3017 756 3086 Prosper,
778 3019 849 3086 Lao,
871 3017 1080 3086 Damascenus,
1106 3021 1185 3075 Ber-

163 3095 322 3153 nartius-et
342 3096 411 3165 alli,
440 3111 562 3168 quorum
591 3097 756 3152 testimonia
781 3098 843 3151 inse
871 3097 959 3152 111111
978 3096 1186 3154 Maidouatus

166 3179 197 3232 in
219 3191 281 3247 cap.
298 3177 324 3230 θ.
349 3177 523 3232 81111111.

226 3255 407 3311 Probatur&
430 3257 605 3310 authoritate
625 3253 746 3309 duorum
762 3254 958 3311 conciliorum
974 3258 1189 3326 generalium,

164 3337 254 3406 primi
276 3335 389 3390 scilicet
409 3344 438 3392 at
457 3336 572 3404 ultimi,
603 3335 716 3388 scilicet
735 3334 856 3388 Nicaeni
877 3343 905 3388 11
926 3335 1008 3389 Trid.
1028 3337 1062 3389 in
1089 3339 1184 3392 11111

168 3413 314 3486 siquidem
336 3417 408 3470 actis
436 3413 484 3484 (ut
502 3415 590 3470 reiert
610 3413 779 3469 Bellarmiu.
801 3413 879 3468 libro
893 3412 921 3470 2.
945 3413 981 3469 de
1001 3413 1190 3473 Eucharist.

163 3509 229 3565 cap.
245 3493 308 3567 to.)
336 3495 408 3550 haec
435 3493 592 3550 habenturr
633 3493 701 3548 Fide
729 3494 910 3564 intelligamur
936 3495 1068 3548 aiturn‘r’rr
1091 3513 1192 3552 aner.
