2316 3866
129 161 194 230 280
451 175 489 220 nr
513 172 638 220 nomos
659 175 799 220 nouum
860 195 865 199 -

132 301 249 356 virtute.
290 294 496 352 voluntarium
512 303 582 350 ectu
610 301 677 361 est‚-
697 294 843 365 quoduel
864 296 982 352 elicitur
1009 298 1058 351 vel
1078 299 1133 352 im-

131 386 250 450 peratur
270 375 422 432 actualiter
449 375 573 444 thipsa
593 373 751 430 volunttte.
792 375 998 432 Voluntarium
1027 377 1134 433 virtute

133 457 238 525 estid,
261 455 340 528 quod
359 457 446 512 initio
467 455 640 524 imperatum
661 454 718 510 init
738 454 775 509 ab
797 455 911 512 interno
932 463 1000 510 ectu
1022 456 1133 513 liberae

45 575 52 582 -
132 538 302 604 voluntatis,
324 533 445 607 ejusque
458 533 577 604 imperii
598 547 631 588 nc
651 535 789 589 motionis
807 535 913 590 virtute
927 534 1027 590 adhuc
1040 535 1132 592 dnrtt.

133 617 175 674 Ut
195 618 220 672 si
248 615 313 688 quin
339 621 485 686 proponat
513 620 541 668 et
567 619 634 667 actu
661 614 735 668 velit
760 615 975 685 eleemosynam
1004 615 1155 686 aliquam

134 710 260 770 crogare,
282 694 351 750 dum
372 693 456 748 illam
470 699 570 763 postea
585 700 697 764 erogat,
721 695 855 763 quamvis
873 694 1035 749 cessaretit
1053 704 1130 750 amns
1154 723 1155 728 ι

133 777 187 832 ille
207 775 380 836 voluntatis,
403 780 534 828 coutetur
555 778 651 826 tanton
672 772 838 830 voluntarie
857 773 965 830 virtute
985 773 1076 830 illius.

169 853 267 910 ’Aliud
288 853 412 922 demque
439 859 482 907 est
509 851 706 906 voluntarium
728 850 852 920 directe,
882 861 911 908 et
932 853 1130 910 voluntarium

132 935 286 993 indirecte.
325 932 529 988 Voluntarinm
551 928 659 986 directe
680 937 723 986 cat
743 931 784 999 id,
806 933 885 1003 qnod
905 947 959 1002 per
979 949 1012 988 re
1034 935 1132 988 volun-

132 1015 239 1071 urium
261 1017 372 1084 cstput
392 1011 488 1082 quivis
509 1017 591 1065 actus
612 1009 727 1066 elicitus
752 1012 799 1067 vel
820 1013 978 1082 imperatus
1000 1014 1131 1068 volunla-
1154 1065 1155 1088 3

133 1093 180 1148 tls.
214 1091 420 1148 voluterium
440 1090 582 1149 indirecte
602 1098 645 1144 est
665 1089 707 1157 id,
729 1090 806 1161 quod
821 1107 858 1146 cx
878 1092 937 1147 alio
952 1091 1066 1147 directe
1086 1109 1131 1148 ro
1154 1097 1155 1104 ’

130 1172 261 1227 =lrrntnrio
282 1169 431 1243 requitur:
464 1187 491 1226 v.
514 1187 540 1240 g.
563 1169 589 1224 si
610 1170 723 1240 aliqu-ir.
733 1171 895 1226 voluntarie
908 1185 1045 1226 exerceat
1066 1172 1133 1226 acti·

133 1264 232 1320 onem,
262 1263 298 1307 cx
319 1264 377 1320 qua
403 1251 460 1303 scit
486 1249 535 1303 vel
560 1249 728 1317 suspicatur
756 1259 976 1305 consecuturum
1006 1251 1133 1321 aliquem

133 1332 287 1400 edoctumv
308 1330 441 1400 quamvis
465 1333 568 1397 perse
590 1336 617 1381 et
639 1328 749 1383 directe
768 1345 826 1384 nou
847 1328 980 1389 intendet
1002 1331 1133 1384 ellectum

93 1455 95 1458 .
132 1410 228 1479 illum,
251 1416 382 1468 censetur
403 1415 497 1462 tamen
518 1406 660 1462 indirecte
681 1409 872 1464 voluntarius.
907 1434 910 1440 2
1020 1433 1025 1436 ·

468 1597 805 1704 securem.

130 1751 317 1831 liudonem
323 1764 421 1825 notua
438 1761 606 1822 numanus
623 1763 807 1822 bonitatem
810 1779 937 1836 suem,
959 1765 1017 1822 vel
1035 1767 1133 1824 mall·
1154 1737 1155 1742 ἵ

500 1835 583 1891 ilem
601 1834 765 1893 desumet.

59 2021 60 2026 ,
194 1965 234 2022 1.
263 1966 379 2036 Duplex
402 1965 553 2020 bonitas
545 1981 576 2020 tn
598 1965 730 2036 quolibet
756 1967 883 2022 hnmano
911 1971 978 2020 actu
1006 1967 1155 2036 spectari¹

131 2045 241 2120 potest,
267 2045 411 2100 naturalis
431 2043 545 2101 scilicet
569 2052 597 2101 et
617 2046 745 2100 moralis.
787 2045 904 2102 Bonitas
931 2046 1079 2100 naturalis
1100 2041 1155 2101 ea

133 2133 188 2194 est,
219 2140 293 2196 qnae
321 2127 455 2181 consistit
474 2125 505 2178 in
530 2124 694 2195 integritate
722 2141 774 2180 sen
801 2125 1006 2196 aggregatione
1033 2139 1132 2182 corum

130 2205 278 2274 omnium,
301 2219 375 2276 quoe
396 2205 567 2264 naturaliter
588 2203 627 2260 ad
646 2204 741 2274 ipsius
765 2212 844 2259 nctus
865 2204 1015 2261 entitatem
1022 2206 1133 2276 requi-

131 2292 252 2352 runtur3
281 2283 396 2338 bonitas
417 2299 486 2338 vero
501 2283 644 2338 moralis
635 2299 667 2339 ιιι
681 2283 847 2356 integritate
860 2299 911 2340 sen
926 2287 1132 2356 aggregatione

132 2377 230 2419 corum
252 2363 398 2433 omnium,
423 2363 496 2434 qnae
517 2363 642 2418 cuilibet
660 2364 740 2418 oculi
759 2363 885 2418 hnmano
906 2363 1067 2419 sennodum
1088 2379 1133 2418 rc-

130 2449 207 2499 ctnm
228 2443 369 2499 rationem
383 2443 570 2498 conveniunt.
605 2441 651 2496 Ex
665 2458 722 2512 quo
736 2443 875 2514 sequitur,
897 2444 1038 2502 moralem
1051 2452 1132 2498 nctus

22 2565 23 2568 ι
130 2523 252 2580 humani
271 2523 415 2576 molitiem
435 2521 465 2575 in
488 2521 602 2578 delectu
623 2522 705 2576 illius
727 2523 914 2594 integritatis,
943 2537 996 2578 seu
1018 2524 1050 2577 in
1070 2524 1132 2595 pri-

130 2603 248 2658 vatione
268 2600 408 2656 bonitatis
429 2601 512 2654 illius
533 2599 652 2656 moralis
681 2603 844 2658 consistere.
887 2601 924 2656 Et
945 2599 982 2658 de
1001 2603 1059 2658 hac
1077 2602 1132 2658 bo·

128 2683 221 2754 nitate
242 2682 290 2736 vel
311 2680 424 2736 malitia
445 2680 550 2737 morali
564 2683 696 2751 quaestio
711 2683 861 2752 proposita
876 2682 1011 2753 intelligi
1034 2682 1129 2751 debet,

97 2778 100 2782 ·
130 2759 277 2816 undenam
297 2761 411 2815 scilicet
430 2761 502 2814 hacc
522 2760 652 2827 bonitas,
681 2776 731 2816 scu
752 2760 897 2816 rectitudo
918 2762 1053 2829 morelio,
1081 2762 1131 2815 vel

130 2838 245 2893 malitia
259 2841 377 2894 moralis
396 2840 447 2896 illi
463 2840 611 2910 opposita,
633 2841 664 2894 in
686 2839 845 2911 quemlibet
859 2848 954 2896 actum
969 2841 1129 2896 humanum

54 2941 57 2946 ·
130 2915 287 2972 derivetur.
328 2918 386 2974 Pro
408 2919 491 2991 cnjus
511 2920 688 2974 resolutione
807 2926 811 2931 '

190 2993 354 3050 Dicendum
379 2997 403 3052 l.
424 2999 588 3066 bonitatem.
606 3000 653 3054 vel
675 2999 816 3054 malitiam
843 3006 923 3056 actus
948 2998 1071 3056 hnmani
1089 2999 1129 3055 ab

128 3075 212 3132 illius
233 3073 348 3146 objecto
370 3075 491 3132 desumi.
508 3101 512 3106 ·
535 3079 579 3133 lta
600 3079 629 3132 S.
651 3077 785 3145 Thomas,
815 3086 843 3134 et
863 3085 975 3134 constat
995 3096 1034 3134 ex
1054 3080 1131 3137 Stri-

128 3163 224 3228 plura,
247 3154 338 3210 Oscae
359 3155 387 3211 9.
429 3157 508 3210 Facti
526 3167 589 3212 aaut
609 3159 801 3216 abominanter
821 3159 890 3212 ticet
910 3175 945 3213 en
965 3177 1037 3231 quoe
1058 3159 1130 3214 dile-

129 3245 245 3290 ιιειιιιιιι
277 3249 314 3290 ιιι
336 3237 441 3306 quibus
456 3237 553 3292 verbis
571 3245 659 3306 patet,
681 3239 822 3292 malitiam
836 3238 1031 3294 humanorum
1049 3248 1130 3293 ectu-

130 3330 195 3382 nm,
224 3315 263 3370 ob
285 3326 381 3384 quam
395 3317 432 3370 tit
459 3316 545 3371 homo
567 3315 628 3370 Deo
657 3317 881 3384 abominabilis,
909 3321 1063 3386 provenire
1089 3333 1128 3372 ex

130 3391 253 3461 objectis
264 3386 359 3462 melis,
371 3409 447 3464 queo
458 3395 556 3465 diligit
567 3402 595 3449 et
605 3397 713 3466 quibus
724 3397 876 3452 adhaeret:
899 3397 977 3453 unde
989 3400 1016 3455 S.
1029 3401 1126 3470 Angu-

129 3469 223 3522 stinns
250 3473 333 3540 epist.
362 3471 409 3528 52
439 3473 477 3526 od
505 3473 615 3528 Maced
646 3473 731 3543 dicit,
763 3477 842 3547 quod
862 3492 953 3530 mores
980 3480 1069 3532 nostri
1094 3493 1125 3529 es

64 3583 67 3589 .
129 3559 180 3608 co,
204 3549 276 3614 quoti
295 3553 475 3622 enusquisque
503 3553 605 3620 diligit,
634 3555 782 3631 dijudicari
807 3557 900 3610 nolent.
942 3556 980 3610 Et
1007 3555 1123 3627 probtri
