2360 3862
475 2 517 26 V

123 109 185 176 rel
487 123 525 168 aa
549 121 758 170 coruscarent„

119 259 239 318 scopum
259 246 306 312 vel
321 245 468 311 curatura,
490 243 577 298 maen
597 242 629 296 ia
651 241 750 296 aliena
762 239 1094 311 dioecesiuelparochts,
1136 286 1137 350 1

119 343 186 382 suos
208 323 340 380 subditos
361 323 527 380 coufitentes
548 320 649 376 audire
669 329 698 376 et
718 321 890 389 absolvere3
921 321 1000 392 quod
1019 329 1097 378 moseo
1136 351 1137 366 ι

120 405 184 460 siue
205 401 343 460 scandalo
364 411 415 458 aut
435 403 560 460 aliorum
580 401 736 456 offensione
756 401 820 456 fieri
840 400 934 456 debet.

447 607 642 678 sucum
683 607 793 676 ιιιιι
884 583 886 590 ’

383 737 438 794 'ns
456 749 597 795 casuum
613 737 851 796 reumaticus.

184 869 228 926 1.
246 870 363 926 Certum
383 875 426 928 est
446 875 475 928 et
494 870 526 924 io
542 869 674 930 coucilia
690 867 819 926 Trideot
832 883 912 924 sesa
935 868 981 924 14.
1004 885 1061 939 cap.
1080 868 1099 924 l.
1142 896 1143 930 ι

121 965 257 1022 aptasse
278 949 438 1014 definitum,
459 949 603 1020 Pontifices
622 950 752 1005 maximoe
767 965 822 1018 pro
841 965 969 1018 assartum
983 958 1144 1042 potestate

120 1031 176 1086 aidi
200 1031 229 1084 tn
255 1030 384 1084 ualueraa
413 1029 540 1084 Ecclesia
570 1031 685 1093 madae,
716 1045 813 1086 causac
840 1029 949 1100 aliquas
979 1031 1102 1084 criminum
1143 998 1144 1070 ¹

119 1110 263 1180 cruciares
282 1125 331 1163 auo
346 1110 484 1180 peculiari
496 1110 604 1177 jndicio
624 1125 771 1166 reservare
787 1110 929 1178 potuisse·
919 1147 927 1176 ,
959 1127 1044 1180 aeque
1061 1111 1102 1162 du·
1144 1100 1145 1152 ¹

121 1189 261 1246 ditandum
279 1198 329 1256 eet,
349 1191 457 1260 quamdo
478 1191 575 1252 amolo,
598 1205 667 1259 quae
688 1203 706 1241 a
726 1188 786 1242 Deo
806 1197 875 1252 aaut,
898 1191 1028 1244 ordinata
1045 1197 1098 1252 tuot
1145 1207 1146 1214 ¹

119 1271 187 1342 qula
207 1270 257 1324 ltoc
275 1270 346 1324 idem
366 1269 513 1338 Episcoplt
540 1269 660 1322 omuibus
685 1270 714 1320 ia
734 1285 785 1322 sua
812 1269 905 1338 cuique
933 1270 1058 1332 dioecesi,
1081 1270 1103 1320 io

119 1350 336 1420 aedificationem
356 1357 458 1412 tamea,
487 1357 513 1402 et
532 1365 586 1402 uon
606 1350 635 1402 im
656 1349 860 1402 destructionem
879 1349 1043 1418 licceamro
1062 1348 1104 1400 illic

120 1429 290 1484 tusutdecs
310 1428 414 1482 tradita
432 1443 518 1498 supra
538 1429 655 1498 reliquos
675 1426 837 1482 Sacerdotes
858 1427 1003 1498 inferiores
1023 1428 1104 1482 autio-

120 1510 210 1574 ritate,
227 1509 393 1578 praesertim
413 1507 504 1578 quoad
524 1508 579 1571 illa,
603 1507 698 1577 qulbus
713 1509 994 1564 excommunicationis
1006 1522 1104 1562 cemma

120 1600 230 1644 audeca
250 1596 298 1641 est.
339 1587 421 1640 Haac
443 1595 532 1640 autem
559 1588 714 1642 delictorum
742 1588 949 1644 recordationem
977 1603 1104 1642 commum

120 1676 162 1724 est
174 1668 284 1721 dirutae
299 1667 465 1730 authoritate}
487 1683 542 1721 oon
554 1675 657 1721 tantum
677 1668 706 1720 m
727 1676 838 1720 ectema
846 1668 953 1736 politia,
976 1669 1027 1722 scd
1038 1669 1104 1723 estas

119 1761 212 1802 coram
231 1745 291 1800 Deo
312 1747 365 1800 aaa
385 1745 493 1800 labae.
534 1745 580 1801 Ex
601 1761 659 1816 qua
681 1746 807 1802 concilii
832 1746 1004 1803 defiuitione
1025 1745 1104 1816 sequi-

120 1831 181 1892 tur,
205 1823 372 1880 Sacerdotes
392 1825 558 1891 inferiores,
585 1827 671 1880 etiem
694 1826 868 1896 approbatos
889 1841 942 1881 nec
962 1827 1044 1891 licite
1062 1837 1105 1879 uec

118 1901 219 1960 relide
238 1919 324 1975 posse
345 1921 363 1958 a
383 1903 498 1960 casibus
519 1905 582 1960 illis
597 1905 749 1960 reservatis
764 1907 827 1962 siue
842 1906 963 1976 speciali
981 1906 1105 1965 facultate

117 1984 281 2051 absolvero,
309 1991 510 2054 praeterquam
531 1986 563 2038 io
585 1985 707 2040 articulo
728 1987 847 2040 mortis·
881 1993 912 2038 ut
932 1982 1106 2056 praecedeuti

118 2065 250 2125 sectione
271 2063 382 2121 dictum
403 2071 453 2118 est

180 2143 318 2211 Quaeres,
347 2145 467 2214 quinam
488 2157 571 2200 casus
596 2159 707 2198 summo
729 2143 878 2210 Pontifici,
908 2145 1041 2214 quinam
1040 2145 1105 2198 item

117 2221 273 2293 Episcopis
294 2231 361 2278 suut
381 2225 529 2278 reservati.
566 2221 767 2293 [despondetur
781 2223 886 2292 primo,
908 2225 1037 2278 venialia
1049 2237 1106 2292 pec·

117 2310 183 2361 cata
203 2319 256 2358 osc
276 2303 411 2357 mortalia
431 2317 502 2372 pure
523 2303 650 2368 interna,
680 2302 731 2356 sed
752 2303 814 2356 solo
841 2311 961 2372 peccata
981 2301 1105 2358 mortalia

117 2376 236 2438 cumano
251 2395 337 2454 opere
352 2389 548 2438 consummata
563 2382 702 2436 reservari
723 2383 824 2449 solere,
846 2389 879 2436 ut
894 2383 999 2438 docent
1013 2381 1105 2453 Major,

117 2458 245 2529 Mediae,
263 2463 434 2532 Heariques‚
457 2460 560 2516 Suares
582 2470 609 2516 et
630 2461 728 2530 plores
750 2463 802 2516 alii
823 2461 903 2531 apud
917 2463 1106 2532 Laymaaoum

117 2548 199 2598 tract.
222 2542 249 2596 6.
273 2541 308 2596 de
331 2543 455 2595 Sacram.
478 2540 589 2594 Poenis.
610 2556 674 2609 cap.
700 2539 745 2596 ta.

179 2617 428 2690 Respondeant).
455 2633 513 2672 oon
535 2621 691 2674 convenire
719 2621 969 2688 intermortuos,
999 2621 1107 2692 quinam

115 2715 200 2756 casos
222 2699 377 2770 Episcopis
398 2714 435 2753 ex
450 2696 518 2770 jure
539 2700 598 2754 sint
619 2703 779 2756 reservati:
815 2701 934 2770 quidam
959 2703 1049 2760 euim
1056 2697 1107 2754 exi·

116 2779 237 2836 stimant
264 2780 360 2835 nullos
381 2794 464 2832 casus
493 2777 534 2832 eis
562 2795 624 2834 esse
640 2777 708 2849 jure
738 2787 917 2846 reservatos3
949 2781 1003 2834 alii
1026 2776 1106 2849 quod·

116 2872 232 2926 cunque
251 2866 402 2936 peccatum
418 2874 543 2925 enorme,
565 2858 728 2929 publicum,
750 2858 963 2928 scandalorum,
985 2859 1022 2916 ob
1038 2853 1107 2928 quod

117 2938 189 3000 alim
209 2936 331 3006 publica
341 2929 522 3005 poenitentia
541 2940 678 3008 imposita
696 2937 807 3004 fuisset,
830 2948 948 2996 censent
961 2935 1105 3008 episcopis

116 3022 293 3072 reservatum
309 3024 433 3084 esseut
401 3016 628 3074 utadulterium
646 3019 801 3084 notorium,
822 3017 1032 3085 homicidium
1061 3014 1106 3070 olii

115 3097 202 3152 aliter
222 3096 358 3151 sentiunt.
402 3095 591 3152 Tutissimum
618 3099 649 3152 io
671 3113 701 3151 re
723 3097 814 3156 dubia
842 3105 899 3166 eat,
928 3105 972 3154 ut·
988 3095 1105 3167 quilibet

116 3175 315 3232 Confessariue
343 3174 472 3230 attendat
503 3175 741 3232 cousuetudinem
770 3183 797 3231 et
826 3185 931 3230 statuto
959 3175 1105 3247 synodalia

113 3261 145 3310 at
164 3255 359 3326 episcopalia,
388 3269 422 3308 ac
449 3258 655 3310 reservatiooes
684 3256 826 3324 speciales
853 3256 994 3313 dioecesis
1021 3256 1104 3318 illius,

113 3335 147 3390 iu
175 3351 232 3404 qua
260 3343 391 3390 versatur
413 3341 441 3388 et
465 3331 711 3390 administrandae
733 3335 931 3390 Paenitentiae
959 3329 1103 3398 incumbit,

112 3412 208 3546 {sque
228 3416 261 3468 iu
282 3414 369 3483 praxi
387 3409 419 3469 'se
440 3413 612 3482 conformet,
644 3421 674 3469 ut
701 3423 776 3472 reate
804 3423 902 3470 mouet
925 3414 1102 3486 Laymaoous

150 3505 210 3562 pra.
