2348 3868
410 157 449 202 rr
465 151 671 210 marannis·
1002 139 1044 206 te

68 284 88 330 ct
105 277 348 332 sacramentaliter
362 275 577 333 arPeccatornm
597 283 677 331 reatu
691 275 854 342 absolutos,
877 275 914 329 ad
933 276 1043 334 sacram

67 356 189 426 synaxim
209 357 242 409 in
265 355 439 426 quibusdam
462 355 578 411 casibus
595 355 737 410 admissos
755 355 857 422 turma,
879 363 912 410 ot
924 357 996 412 ‘fuse
1014 365 1044 413 at

64 436 159 490 erudite
171 437 308 506 explicat
326 443 355 490 et
373 436 476 505 probat
489 436 618 496 ioannes
633 435 772 508 bigotius
786 449 801 488 a
815 436 957 491 Sociotme
970 437 1043 493 iesu

62 515 86 567 iu
110 515 361 570 dissertationibus
387 515 559 586 theologicis
587 513 625 570 de
652 511 850 581 Poenitentia,
877 513 990 570 dissert.
1011 513 1041 572 1»

62 609 80 647 c
98 593 123 648 8.
142 601 208 649 sect.
231 593 252 648 2
275 602 306 650 et
326 610 383 665 seq.
826 629 828 636 ,

108 695 143 752 2(
174 699 349 765 Quaerimus
370 699 458 776 igitur
478 699 542 766 bic,
568 713 603 752 an
624 698 776 770 poenitens
797 685 1042 756 sacramentaliter

61 779 188 832 coufessus
211 787 240 832 ct
262 779 415 852 absolutus
443 779 608 847 impositam
635 775 694 832 sibi
715 793 732 830 a
753 777 935 832 confessario
959 780 1041 833 satis-

60 857 193 912 factionem
214 857 303 930 prins
321 856 452 928 implere,
468 855 610 924 teneatur,
637 872 722 927 quam
744 855 956 912 Eucharistiam
977 874 1041 929 per·

63 935 141 1005 cipiet
166 937 204 990 Et
226 937 466 1008 respondendum
488 945 544 1004 est,
566 935 648 991 nullo
662 943 814 1006 praecepto
832 952 924 1008 neque
938 937 1040 995 divino

64 1029 138 1083 neque
155 1018 358 1072 ecclesiastice
379 1018 419 1092 nd
437 1016 468 1071 id
490 1017 589 1072 teneri.
626 1015 711 1084 Quod
731 1021 763 1069 ut
787 1016 891 1070 facilus
919 1017 1040 1088 probari

66 1095 145 1161 possit,
170 1091 439 1166 praesupponimus
466 1111 501 1150 ex
524 1095 656 1150 doctriua
678 1095 804 1149 Consilii
825 1093 991 1151 Tridentini
1013 1106 1040 1151 et

65 1175 184 1228 communi
194 1175 463 1245 Ecclesiae‘praxb
481 1175 691 1231 absolutionem
707 1175 942 1230 sacramentalem
955 1191 1042 1246 posse

63 1253 140 1306 valide
158 1270 190 1308 ac
212 1257 366 1310 fructuose
388 1257 511 1310 conferri
530 1245 692 1326 poenitenti
719 1254 806 1307 etiam
827 1262 946 1324 peccata
966 1271 1041 1309 mor-

65 1331 120 1384 taba
136 1335 304 1401 confitenti,
329 1344 482 1404 antequam
504 1333 668 1404 impleverit
688 1333 854 1404 impositam
876 1331 933 1388 sibi
954 1346 971 1386 a
993 1335 1041 1387 Sa-

67 1411 155 1465 cerdote
182 1413 436 1484 satisfactionem
471 1415 543 1480 imo,
580 1430 644 1468 cum
672 1413 737 1484 ipsa
768 1413 941 1483 satisfactio,
979 1414 1041 1466 sire

65 1491 239 1546 consideretur
262 1501 406 1564 quatenus
427 1493 588 1564 exsolvitur
608 1508 661 1563 pro
681 1491 799 1562 poenis,
829 1507 902 1565 quae
923 1499 955 1548 ut
975 1493 1041 1564 pl'u·

64 1569 146 1624 riorum
167 1569 294 1642 peccato
317 1572 411 1642 quoad
434 1570 550 1642 culpam
577 1573 696 1627 remisso
725 1569 848 1625 luendae
877 1575 1040 1641 supersunt,

61 1649 109 1701 rive
126 1649 177 1704 sub
201 1651 312 1722 quatis
334 1652 538 1718 elimatione,
561 1668 618 1706 non
641 1653 733 1720 possit
754 1653 814 1706 esse
830 1645 890 1706 Deo
912 1660 992 1722 grata
1013 1660 1042 1707 et

62 1737 171 1797 accepta,
192 1729 256 1785 ‘uisi
272 1730 310 1784 ab
332 1747 365 1786 eo
386 1731 555 1802 impleatur,
578 1732 629 1804 qui
644 1730 742 1806 justus
757 1732 794 1784 sit
808 1735 836 1784 et
850 1731 916 1784 Deo*
927 1739 1040 1804 gratus3

61 1804 116 1860 linc
134 1812 275 1880 sequitur,
300 1805 524 1867 satisfactionem
546 1811 736 1882 illam'longe
764 1809 868 1864 melius
895 1825 927 1865 ac
948 1813 1043 1882 perie-

62 1885 121 1939 ctius
140 1889 273 1944 effectum
296 1905 378 1944 suum
400 1893 513 1963 sortiri,
535 1891 560 1945 si
580 1885 661 1960 prius
682 1889 833 1960 poenitens
853 1905 906 1960 per
927 1889 1042 1946 absolu·

62 1963 150 2021 ionem
169 1969 410 2024 sacramentalem
431 1971 493 2025 Deo
516 1969 727 2027 reconcilietur.
774 1965 779 1983 ''

107 2071 162 2128 Hoc
182 2076 276 2146 igitur
296 2077 517 2147 praesupposito
539 2074 678 2146 dicimus,
690 2143 693 2148 Ι
705 2073 819 2152 nullum
842 2081 938 2130 extare
959 2089 1042 2154 prae,-

63 2158 158 2218 ceptum
178 2153 316 2210 divinum
344 2162 393 2209 ant
413 2155 655 2222 ecclesiasticum,
671 2169 741 2226 aquo
765 2155 850 2210 homo
872 2168 924 2223 per
945 2168 1041 2210 sacra·

62 2233 196 2288 mentalem
218 2234 435 2292 absolutionem
458 2234 635 2306 justificatus
656 2233 695 2290 ad
724 2232 903 2306 implendam
931 2233 1044 2290 sufisia·

63 2308 166 2366 ctionem
180 2313 240 2369 sibi
255 2331 274 2368 a
289 2315 442 2370 Sacerdote
463 2315 629 2384 impositam
652 2314 805 2386 obligetur,
828 2319 990 2383 autequam,
1004 2311 1043 2378 ad

64 2401 154 2443 sacram
181 2393 414 2448 communionem
446 2393 581 2462 accedam
616 2409 711 2464 neque
739 2392 816 2448 enim
846 2391 964 2445 divinae
993 2397 1043 2444 aut

64 2467 257 2528 ecclesiastieae
286 2474 364 2544 leges
392 2474 553 2544 quidquam
576 2473 660 2528 aliud
688 2473 838 2544 requirunt
858 2471 890 2524 in
911 2485 961 2536 eo,
991 2470 1043 2540 qui

66 2551 307 2606 communicaturus
323 2561 374 2618 est,
393 2554 451 2607 nisi
465 2559 498 2608 ut
512 2554 550 2606 sit
564 2553 593 2606 in
610 2554 718 2626 gratiae
732 2549 940 2607 sanctificantis
956 2555 1041 2616 statu,

66 2637 151 2696 easque
171 2628 277 2686 habeat
304 2625 523 2702 dispositiones,
545 2647 624 2710 ⁴ques
650 2632 828 2702 paragrapho
856 2628 1043 2700 praecedenti

68 2706 277 2779 explicavimus3
313 2721 521 2781 potestantem
550 2711 624 2766 illae
645 2707 769 2777 habere,
799 2710 932 2780 quamvis
960 2709 1043 2764 satie

69 2781 198 2843 tardonem
219 2789 350 2846 nondum
370 2792 545 2860 impleverit.
578 2791 660 2846 Certe
682 2791 791 2847 concil.
806 2788 946 2844 ¹irrident.
965 2803 1036 2846 ¹sess.

70 2857 105 2914 ¹3·
123 2880 179 2936 cap.
199 2871 226 2924 t.
250 2886 287 2924 ex
307 2871 438 2940 professo
459 2870 620 2942 declarans,
642 2885 783 2940 quaenam
797 2869 982 2940 praeparatio
1004 2865 1042 2922 ad

70 2937 113 2996 hoe
130 2945 336 3005 Sacramentum
358 2949 444 3020 digne
466 2949 685 3018 suscipiendum
707 2949 886 3019 requiratur,
909 2947 985 3005 nihil
1007 2946 1043 3002 de

70 3017 111 3074 illa
128 3027 326 3085 aadsfaotionis
348 3027 555 3099 adimpletione
577 3029 658 3096 dicit,
684 3028 734 3084 scd
756 3026 953 3090 tantummodo
969 3041 1040 3096 pro-

71 3102 137 3163 iuuit
151 3108 349 3176 probationem
370 3107 469 3176 illam,
499 3124 572 3178 quae
593 3107 629 3162 ab
650 3109 791 3178 Apostolo
820 3103 1039 3178 praescribitur,

74 3179 162 3240 ratione
177 3187 258 3258 cujus
280 3190 315 3256 is,
337 3188 388 3258 qui
408 3189 519 3258 peccati
540 3186 664 3257 alicujus
679 3189 808 3260 mortalis
831 3186 888 3249 sibi
909 3183 1041 3240 conscios

74 3265 117 3325 ert,
134 3263 167 3316 ad
186 3283 296 3321 sacram
311 3268 541 3338 communionem
555 3267 671 3322 nonnisi
691 3269 849 3338 praemissa
864 3261 1043 3318 confessione

76 3347 248 3400 sacramentali
268 3353 460 3416 perceptaque
482 3346 677 3413 absolutione,
700 3345 835 3404 accedere
857 3342 950 3399 debet.
986 3417 988 3422 Α
1017 3389 1034 3396 ,.

84 3515 88 3526 Ι
120 3443 142 3498 3·
174 3451 227 3505 Cui
248 3449 374 3505 concilii
396 3450 545 3506 doctrinae
565 3453 736 3522 suffragatur
754 3451 779 3505 S.
798 3449 953 3519 Gregorius
965 3446 1039 3513 Erip.

83 3529 102 3570 ru
117 3522 160 3581 lib.
178 3545 234 3602 reg.
252 3529 289 3584 a:
307 3545 372 3600 cap
395 3531 440 3584 fl.
460 3531 546 3592 *Quid
564 3541 602 3584 eat
623 3531 748 3602 tiuquit)
770 3531 819 3582 toc
839 3529 896 3580 loco
910 3525 1039 3594 possse
