2316 3866
433 172 472 217 ns
492 171 625 227 usorsos,
697 209 700 216 .
955 153 1018 222 sot

46 301 158 344 consonet
185 291 354 346 testimoniis
382 306 471 361 supra
498 292 607 353 citatis,
642 291 748 362 quibos
779 291 936 348 universim
964 291 1016 346 lex
1113 306 1140 372 χ

44 377 106 426 retus
125 370 241 426 desiisse
261 371 375 426 dicitur.

85 449 126 502 4.·
148 450 269 524 Quaeres
294 450 322 506 2.
351 465 477 520 quonam
508 459 634 520 temporo
660 451 709 506 les
736 458 819 508 vetus
846 452 1014 518 conaverit,

41 537 59 582 et
82 527 201 600 obligare
232 529 270 582 ad
297 529 341 583 sui
374 529 606 586 observationem
639 529 765 584 desierit.
807 529 1014 598 Respondetur

36 605 103 676 justa
130 624 305 664 communem
336 608 547 681 Theologornm
580 610 768 675 seutentiam,
800 611 956 666 cessavisse
984 620 1013 664 et

38 686 146 758 obligare
176 687 294 744 desiisse
326 689 356 742 iu
389 697 479 744 morte
507 689 615 744 Christi
644 687 771 748 Domini.
813 688 858 744 lta
883 688 965 758 nugo
992 705 1011 743 a
1095 713 1097 718 .

38 765 59 818 S.
71 765 175 822 Victore
196 767 249 822 lib.
260 767 298 831 2.
314 767 349 822 de
365 767 567 834 Sacramentir,
588 774 669 838 parto
683 765 712 822 a.
727 783 789 838 cap.
812 767 839 822 4.
875 767 902 823 8.
915 767 1010 822 Βοω-

38 853 134 900 rentura
152 847 181 901 io
203 847 232 904 4.
254 846 321 900 dist.
344 847 373 901 3.
395 855 504 918 quaest.
526 847 554 902 3.
578 855 605 904 ot
623 847 651 902 S.
668 846 793 903 Thomas
815 855 924 918 quaest.
941 844 1009 902 103.

40 931 81 976 ari
98 924 173 992 'aad
194 926 222 980 3.
245 934 274 980 et
294 935 338 980 ort
359 927 388 980 4.
410 927 448 983 ad
470 925 496 982 1.
518 925 570 982 ubi
599 925 754 997 distinguit
781 928 837 982 tria
863 938 1012 996 tempora:

43 1000 110 1056 orm
125 1007 227 1076 quidem
255 1015 318 1060 onie
342 1006 442 1060 Christi
463 1007 633 1076 passionem.
664 1007 691 1058 in
718 1024 770 1077 qoo
798 1007 899 1075 orado
926 1021 1011 1076 aecae

40 1092 101 1136 erant
110 1095 216 1150 mortuo,
239 1103 324 1156 aeque
338 1087 496 1158 mortiferof
527 1085 603 1140 oiiad
617 1094 706 1140 ocum
714 1094 779 1154 post
798 1094 899 1154 tempos
913 1085 1013 1140 Euon-

37 1162 90 1230 yelii
105 1165 237 1234 divulgati,
261 1165 361 1235 inquo
383 1167 483 1235 ieyolio
510 1175 572 1220 sont
592 1173 699 1226 mortuo
718 1174 743 1218 ei
763 1165 925 1234 mortiferae
954 1173 1010 1216 ter—

39 1241 88 1294 tium
111 1254 192 1298 autem
222 1253 262 1304 ert
289 1253 391 1314 tempor
421 1247 548 1310 mediam,
581 1245 683 1298 scilicet
709 1261 727 1300 o
749 1245 880 1313 porcione
910 1242 1013 1297 Christi

39 1336 102 1390 arque
120 1325 153 1376 od
172 1325 383 1394 divaricationem
401 1325 555 1394 Evonyelii,
579 1326 606 1378 in
627 1339 681 1394 quo
701 1324 802 1392 leoolio
822 1323 928 1394 quidest
941 1323 1011 1392 fue-

38 1410 86 1454 ruat
101 1414 210 1468 mortam
239 1405 304 1474 quio
325 1421 409 1474 neque
429 1406 482 1458 vim
503 1405 623 1475 aliquam
643 1403 784 1466 hoheboat,
806 1419 891 1472 aeque
911 1401 1013 1470 aliquis
1098 1393 1106 1398 ”
1143 1365 1144 1398 ³

37 1495 61 1532 eo
77 1481 207 1537 clamore
230 1485 377 1546 tenebatur,
399 1501 452 1536 aon
473 1492 561 1538 tomen
574 1483 691 1554 fuerant
711 1483 860 1552 mortifero.
897 1479 1011 1546 Quibus

39 1560 131 1626 quidem
152 1563 250 1616 serbis
274 1565 300 1616 S.
324 1563 431 1617 Ductor
451 1570 574 1618 mentem
602 1578 682 1616 suam
708 1563 801 1630 aperit
821 1575 907 1629 super
927 1559 1011 1630 gravi

39 1643 216 1708 controversia,
240 1655 314 1712 quse
336 1643 405 1696 clim
421 1643 503 1696 ‘inter
524 1643 572 1695 SS.
597 1641 803 1711 Hieronymum
826 1647 854 1694 et
873 1639 1012 1712 Augusti-

37 1731 87 1770 num
105 1729 199 1775 exorta
222 1727 274 1786 est,
297 1727 327 1774 ui
349 1729 459 1775 constat
480 1737 515 1776 ex
538 1723 626 1775 variis
647 1721 764 1775 illorum
782 1717 913 1790 epistolis
934 1718 1013 1774 ultro

37 1796 141 1869 citroque
170 1801 263 1867 datis,
295 1815 368 1869 quae
396 1800 538 1854 habentor
565 1801 641 1854 inter
665 1801 894 1871 Augustiniauos
923 1797 960 1852 ab
980 1795 1010 1850 8.

37 1875 63 1926 rtl
81 1876 119 1931 19.
153 1881 180 1933 S.
204 1879 399 1948 Hieronymus
420 1880 563 1949 siquidem
583 1876 715 1945 docebat,
738 1879 774 1934 ab
795 1879 915 1933 instanti
937 1891 1011 1930 mor·

36 1954 63 2006 tis
81 1957 178 2012 Christi
197 1960 318 2013 Domini
338 1968 462 2012 veterem
485 1959 576 2029 legem
599 1975 656 2012 nou
679 1958 764 2013 modo
786 1967 936 2023 mortuam,
959 1951 1012 2008 sod

37 2041 56 2085 et
66 2039 229 2093 mortiferam
251 2040 465 2108 assentientem,
488 2053 583 2111 neque
598 2039 690 2095 solum
705 2037 786 2096 illins
802 2037 1011 2107 obligationem

38 2117 181 2185 cessavisse,
213 2117 266 2171 sed
288 2133 380 2188 neque
402 2120 512 2174 servari
533 2117 643 2188 absque
663 2125 782 2187 peccato
802 2116 949 2185 potuisse:
983 2119 1011 2166 et

37 2197 147 2260 quoniam
168 2199 239 2252 satis
255 2196 416 2264 constabat,
438 2198 594 2268 Apostolos
609 2197 708 2252 multis
723 2196 807 2252 annis
820 2202 887 2266 post
902 2193 1010 2248 Christi

34 2274 172 2338 passionem
194 2275 302 2346 legalia
322 2275 464 2347 quaedam
486 2275 666 2343 observasse,
687 2275 814 2342 dicebat,
835 2274 868 2330 id
888 2273 926 2329 ab
947 2273 1012 2337 illis

36 2349 144 2408 simulate
164 2358 289 2422 iactum,
317 2371 373 2426 quo
395 2357 511 2410 facilius
533 2355 662 2412 iudaeos
687 2356 759 2426 legis
781 2371 849 2414 suas
870 2356 1011 2410 zelatores

36 2429 64 2481 td
81 2433 178 2490 Christi
198 2435 301 2490 Fidem
324 2436 485 2490 allicerent.
520 2435 544 2489 E
566 2443 666 2491 contra
685 2451 753 2492 vero
776 2436 805 2488 S.
818 2433 1011 2504 Augustinus,

35 2511 72 2564 oui
88 2515 271 2570 communiter
293 2513 436 2586 Theologi
457 2515 659 2581 subscribunt,
688 2511 833 2576 asserebat
853 2510 1012 2580 Apostolos
1037 2514 1039 2522 ’

35 2589 100 2642 nulla
117 2595 299 2650 simulatione
322 2595 411 2654 luisse
435 2609 517 2662 usos,
544 2595 598 2660 ,sed
625 2594 706 2649 licite
734 2601 762 2648 et
788 2593 907 2646 honeste
934 2602 1014 2642 oere-

37 2671 125 2726 mcnias
145 2673 286 2744 quasdam
311 2675 414 2728 ueteris
436 2674 509 2744 legis
531 2681 598 2743 posi
619 2673 727 2728 Christi
749 2671 869 2726 Domini
889 2679 1011 2723 mortem

39 2760 183 2821 usurpasse3
217 2754 288 2810 licet
309 2755 386 2826 enim
407 2755 457 2808 lex
478 2753 531 2808 ills
552 2761 621 2807 tunc
643 2759 716 2809 esset
737 2761 858 2816 mortua,
880 2746 1009 2803 nondum

37 2829 112 2882 tanen
139 2841 198 2886 erat
227 2834 390 2900 mortifera,
422 2842 451 2888 et
478 2833 610 2902 quamvis
638 2831 676 2886 ad
703 2833 750 2887 sui
781 2828 1011 2888 obseruationem

39 2907 139 2973 amplius
168 2928 228 2970 non
256 2912 318 2968 obli
340 2920 413 2978 arei,
446 2912 645 2968 observatores
676 2918 770 2966 tamen
802 2925 870 2964 suos
900 2909 1014 2964 nullius

36 2991 127 3048 peccati
146 3008 211 3047 reos
233 2929 397 3046 elficiezot:
430 2990 507 3062 quod
527 2990 644 3044 ibidem
674 2989 748 3046 dicii
767 2990 849 3044 suavi
872 2989 926 3044 Dei
947 3002 1013 3058 pro·

36 3062 145 3124 videntia
166 3072 257 3126 luisse
279 3069 465 3140 dispositum,
491 3078 552 3124 tum
573 3078 604 3124 ut
625 3069 732 3126 ludaei
752 3071 825 3140 legis
847 3083 914 3123 suae
936 3079 1014 3118 cere·

35 3146 122 3202 moniis
146 3151 267 3206 mirifice
289 3149 414 3216 addicti,
434 3151 561 3211 ,facilius
584 3147 623 3204 ad
645 3151 752 3208 Christi
772 3148 874 3204 Fidem
896 3159 1015 3198 couver-

37 3225 154 3294 terentor,
184 3238 244 3284 turn
273 3231 360 3286 eiiam
390 3245 426 3284 ue
453 3230 502 3284 lex
529 3229 584 3282 illa
611 3239 694 3285 vetus
722 3237 859 3299 tanquam
887 3222 964 3277 malt
985 3228 1014 3274 et

38 3309 215 3370 superstitiosa
243 3309 397 3378 reprobata
425 3325 477 3378 per
502 3309 647 3364 Christum
677 3310 765 3374 luisse
795 3305 955 3367 videretur,
986 3309 1015 3355 ct

38 3389 63 3432 ut
78 3385 173 3458 aliquo
190 3405 253 3446 oum
274 3389 385 3445 honore
406 3389 587 3482 sepeliretur.

84 3466 107 3518 5
145 3467 206 3534 Quo
227 3484 296 3526 vero
317 3469 448 3538 praecise
469 3476 597 3538 tempore
621 3479 679 3522 non
701 3463 795 3520 solum
815 3467 937 3528 mortua,
959 3459 1014 3519 sed,

40 3545 61 3590 ot
75 3549 210 3604 mortifera
231 3563 293 3618 esse
301 3548 444 3618 coeperit
463 3548 512 3602 lex
534 3554 630 3614 vetus,
659 3559 717 3601 non
740 3545 819 3604 satis
816 3541 1015 3620 exploratam
