2316 3866
58 99 183 166 ’362
303 165 306 170 ,
424 113 461 156 na
481 100 627 158 arcanum
647 111 837 191 thamaris.

113 247 179 292 tum
200 235 323 290 interius
344 231 533 304 eliciendam,
560 237 628 290 tum
646 237 774 290 exterius
793 235 986 306 profitendam
1006 228 1120 310 'obliga‘-

112 323 173 384 tur‚
195 315 266 369 licat
285 323 322 370 a'x
344 313 396 368 tall
417 315 596 384 professione
609 319 692 368 'mors
713 313 762 368 illi
782 317 953 370 immineat:
985 317 1047 370 imo
1070 321 1118 388 qui

111 395 154 451 ab
176 395 276 464 aliquo
297 395 417 464 privato
435 393 470 446 de
488 392 563 447 lllde
584 395 826 465 interrogaretur,
848 395 930 449 illam
949 397 1118 452 ¹nrrn‘modo

114 483 174 530 hoa
197 487 315 545 negare,
331 473 397 528 'sed
423 475 509 528 etlam
539 475 665 528 exterius
693 473 822 543 profiteri
849 477 1006 540 teneretur,
1036 477 1062 530 si
1084 492 1117 530 ex

114 555 200 609 illius
221 553 410 622 professionis
433 553 587 606 omissione
600 551 727 608 'divinus
741 554 835 608 honor
854 554 1019 610 laederetur
1040 563 1118 610 nota·

113 633 230 700 ltiliter,
262 633 307 687 vel
330 646 416 703 grave
438 629 560 702 aliquod
582 631 750 686 scandalum
770 633 803 687 in
825 633 993 702 proximum
1015 635 1116 688 redun-

116 708 208 769 daret.
243 711 286 768 lta
307 711 439 765 authores
462 711 543 766 citati
563 713 630 782 post
644 713 671 766 S.
688 711 840 766 Ductorem
862 709 890 766 2.
910 711 941 768 2.
964 721 1069 784 quaest.
1085 713 1112 770 3.

118 800 173 848 art.
195 791 223 846 2.
292 790 295 800 ’
356 809 358 816 ·
697 804 700 810 ’
764 797 772 811 ’

112 877 135 898 ·“
176 869 204 926 d.
222 869 285 924 'Ex
306 867 392 923 dictis
414 869 501 923 facile
516 869 617 942 colligi
632 875 734 939 potest,
758 869 830 942 quid
851 871 928 926 circa
942 869 1042 926 Fidem
1063 873 1113 928 hoc

112 952 211 1022 primu
244 949 376 1020 decalogi
403 941 557 1018 praecepto
585 949 792 1020 prohibeatur:
825 951 938 1006 scilicet
964 959 1112 1021 peccatum

116 1025 311 1100 quodcunque
331 1027 417 1082 Fidei
446 1031 630 1098 oppositum,·
655 1029 733 1100 quod
762 1029 934 1101 generaliter
955 1029 993 1084 ab
1016 1031 1113 1086 eodem

111 1109 143 1174 B.
175 1107 297 1164 Doctore
324 1117 443 1163 vocatur
471 1101 650 1176 infidelitas,¹
673 1124 760 1179 supra
788 1117 896 1179 quaest.
929 1109 974 1164 tu.
1006 1117 1059 1164 art.
1091 1113 1113 1165 i.

113 1201 190 1258 'quae
213 1187 344 1260 quidem,
372 1197 405 1242 ut
432 1186 509 1243 idem
537 1187 633 1254 docet,
658 1187 768 1257 duplex
795 1195 855 1242 est:
888 1189 947 1242 alin
969 1193 1114 1262 negativa,

117 1267 214 1338 qualis
236 1275 279 1322 est
300 1268 330 1322 in
351 1265 422 1336 illis,
444 1269 496 1336 qui
517 1269 592 1322 nihil
614 1275 742 1338 uuquam
764 1267 799 1322 dc
816 1267 884 1322 Fide
906 1269 1012 1323 audire
1034 1279 1116 1340 potu·

85 1359 89 1381 ¹
115 1357 214 1415 cruat,
242 1361 327 1417 quam
350 1347 423 1402 dicit
443 1349 501 1399 nou
524 1363 585 1402 csse
605 1355 771 1418 peccatum,
801 1347 851 1400 sed
872 1349 970 1418 potius
992 1365 1115 1418 poenam

115 1428 229 1497 peccati
251 1442 287 1480 ex
307 1427 396 1495 piimi
417 1427 679 1496 parentispeccato
695 1428 929 1495 provenientem
963 1427 1115 1500 additque,

48 1545 52 1548 -
116 1507 194 1573 ilios,
218 1506 268 1575 qui
289 1511 322 1558 'eo
344 1505 437 1560 sulum
459 1505 545 1561 modo
566 1505 700 1560 iulideles
723 1513 804 1575 sunt,
829 1515 949 1575 propter
970 1507 1114 1578 ejusmodi

81 1607 86 1614 ’
116 1585 318 1640 infidelitatem
341 1600 398 1638 non
414 1584 555 1654 damnari,
579 1585 711 1655 quamvis
730 1585 901 1658 damnentur
914 1595 1039 1656 propter
1061 1589 1114 1643 alia

114 1662 247 1734 peccata,
269 1677 342 1732 quae
363 1663 425 1716 siue
446 1661 515 1716 atne
537 1665 642 1718 remitti
666 1679 723 1718 non
745 1673 874 1735 possunt.
940 1679 942 1684 ’

177 1742 245 1795 Alia
273 1748 315 1794 est
344 1741 501 1795 inildelitas
530 1743 588 1811 ipsi
616 1742 776 1810 Fidei,'ut
803 1745 932 1814 loquitur
955 1745 983 1799 S.
1008 1745 1114 1802 Ductor

38 1839 42 1842 ·
116 1828 168 1875 art.
191 1821 218 1876 5.
241 1821 399 1874 secundum
420 1823 651 1876 contrarietatem
681 1824 830 1892 opposita,
860 1839 933 1893 quae
955 1839 971 1876 a
996 1827 1115 1894 quibus·

116 1900 182 1954 datu
203 1901 350 1969 privativa
371 1910 504 1968 vocatur,
535 1901 629 1972 qualis
651 1911 694 1956 est
713 1903 743 1955 in
768 1903 852 1969 illis‚‘
869 1904 919 1973 qui
941 1905 1113 1959 veritatibus

113 1979 199 2034 Fidei
228 1981 405 2034 sufficienter
430 1983 589 2052 propositis
618 1981 749 2035 assentiri
780 1983 901 2048 noluut3
934 1991 962 2036 et
984 1983 1059 2039 haec
1080 1986 1114 2038 ab

116 2057 215 2114 eudem
240 2061 266 2114 S.
291 2059 414 2114 Doctorc
441 2061 472 2113 iu
502 2069 557 2115 tres
579 2062 695 2130 'species
725 2059 882 2127 dividitur,
911 2065 1114 2132 paganismum

116 2139 236 2206 scilicet,
255 2139 434 2210 judaismum
456 2147 483 2193 et
503 2140 654 2206 haeresim,
678 2140 784 2210 quibua
800 2157 847 2211 qu.
874 2139 917 2194 12.
941 2139 1027 2195 addit
1049 2160 1115 2213 apo-

116 2221 253 2283 stasiam3
286 2227 334 2272 aut
357 2220 432 2272 enini
455 2221 519 2289 quis
543 2216 683 2274 renititur
696 2217 780 2272 Fidei
801 2217 928 2274 noudum
951 2232 1113 2291 susceptae,

115 2304 143 2352 et
164 2297 230 2351 talis
251 2297 409 2352 infidelitas
438 2307 479 2352 est
499 2301 696 2368 paganorum
729 2304 778 2352 aut
803 2301 938 2353 renititur
959 2299 1048 2355 Fidei
1070 2311 1115 2356 su-

109 2382 230 2446 sceptae
258 2377 289 2430 in
320 2379 424 2448 ligura,
457 2383 484 2430 et
514 2379 555 2430 sic
587 2375 817 2433 estiulidelitas
841 2375 1037 2450 judaeorum3
1070 2382 1116 2435 vel

107 2453 197 2511 *Fidei
218 2464 367 2525 susceptae
389 2458 419 2510 in
441 2457 672 2512 manifestatione
699 2459 842 2525 veritatis,
873 2457 899 2512 et
919 2459 961 2512 sic
984 2468 1029 2514 cst
1050 2462 1114 2514 inu-

98 2534 221 2592 -'delilas
247 2543 440 2603 apostatarum
469 2536 600 2606 quidem,¹
616 2537 655 2589 si
683 2535 770 2591 Fides
799 2543 931 2606 suscepta
958 2538 1113 2594 iactatum

113 2615 289 2687 abjiciatur3
323 2615 536 2669 haereticorum
559 2631 640 2682 vero,
663 2618 820 2670 sitantum
841 2625 988 2686 exparte.

49 2709 51 2714 ’
110 2701 134 2725 ”·
174 2695 201 2747 4.
244 2693 409 2748 Estautem
432 2692 646 2749 observandum
667 2696 718 2762 id,'
744 2696 822 2766 quod
850 2698 942 2750 iustus
964 2697 996 2750 im
1018 2699 1114 2766 prima

111 2780 196 2843 porte
218 2773 394 2846 explicatum
417 2781 467 2840 est,
491 2775 603 2828 scilicet
624 2775 660 2827 ad
684 2773 823 2830 rationem
841 2777 966 2830 haeresis
989 2775 1046 2830 duo
1068 2792 1114 2829 re-

107 2851 206 2923 ·quiri,
234 2861 264 2904 ut
286 2853 371 2906 docet
393 2855 419 2907 S.
444 2853 568 2908 'l'lromas
591 2862 707 2924 quaest.¹
725 2851 769 2908 tt.
794 2863 844 2908 art.
868 2855 896 2909 3.
918 2855 956 2908 ad
976 2853 1006 2909 3.
1049 2853 1113 2909 Pri-

111 2940 191 2986 inum
221 2940 277 2997 est,
307 2933 403 2986 utsii
431 2949 509 2988 error
537 2943 635 2988 contra
664 2933 791 3004 aliquam
814 2933 894 2988 Fidei
924 2935 1113 2989 veritatemi

110 3007 174 3066 lieo
195 3012 364 3076 revelatam,
392 3019 420 3066 et
441 3011 478 3066 ab
500 3013 849 3082 Ecclesia‘propositam3
882 3013 1061 3081 secuudum,
1082 3020 1112 3068 ut

110 3089 257 3162 'ejrrsmudi
285 3107 364 3146 error
391 3105 453 3145 cum
476 3093 639 3160 pertinacia
661 3100 688 3146 et
709 3093 891 3146 contumacia
914 3092 1036 3163 junctus
1060 3093 1113 3148 sit:

114 3169 206 3238 uude,
234 3173 260 3224 si
287 3169 333 3242 qui
359 3172 519 3224 sententiam
545 3189 633 3235 suam,
664 3181 696 3226 ut
723 3170 907 3241 loquitur'S.
931 3172 1115 3242 Augustinus

110 3247 204 3318 epist·
224 3247 288 3304 162.
318 3250 487 3303 etrelertur
509 3248 571 3319 cap.
592 3250 671 3304 Dixit
692 3249 850 3320 Apostolus,
879 3249 927 3306 42.
950 3259 1062 3321 quaest.
1087 3252 1113 3304 3.

114 3330 235 3397 quamvis
255 3330 360 3398 salsam
389 3327 475 3400 atque
492 3347 650 3398 perversam
679 3328 753 3384 nulla
779 3331 914 3400 pertinaci
941 3332 1113 3386 animositate

107 3403 269 3473 ‘defendunt
291 3417 424 3477 quaerunt
443 3413 530 3461 caleis
551 3408 824 3464 aauto'totlicitudiue
839 3411 985 3474 ueritatem,
1011 3411 1114 3479 corripi

106 3487 205 3550 parati
216 3501 273 3536 cum
281 3486 441 3548 inuenerint,
454 3493 622 3557 nequaquam
633 3492 694 3542 aaut
706 3492 775 3544 inter
781 3489 942 3544 Haereticor
950 3489 1113 3560 deputandi.
