2316 3866
432 167 643 213 ιιι-ιιιιιιιι.
976 138 1043 222 323

32 289 174 358 fateberis
197 303 257 342 ecte
277 282 442 341 ιιιὶιιιιιιιιι
463 290 488 340 et
509 292 563 341 tcta
582 287 660 352 mitt,
686 303 767 362 quum
788 289 838 342 out
856 285 936 361 atque
957 294 1045 346 mani-

37 369 84 421 tas
106 369 138 421 ui
160 367 317 420 uidentibus
332 375 444 436 praesto
465 381 522 420 esre
542 369 738 428 communitert
813 391 816 398 ⁴

93 444 308 516 Respondemr
338 443 378 498 2,·
392 443 472 516 jurip
498 445 655 512 naturalis,
688 445 784 516 quoad
812 446 872 501 alia
899 447 1042 517 quaedem

33 526 193 596 principia
213 523 309 578 minus
330 523 522 598 universalius
538 523 731 594 ignorantiam
754 523 959 580 ‘inuincibilcm
980 541 1044 582 essa

33 619 122 676 posue
142 605 178 658 in
202 601 385 674 quibusdam
397 601 585 670 huminibus,
602 603 696 658 etiam
717 609 777 657 toto
797 603 874 657 vitae
896 610 1040 674 tempores

32 683 228 740 manifestum
247 689 292 735 est
312 681 398 748 enim,
420 681 511 736 multa
532 695 593 736 esse
609 679 673 753 juri
694 682 820 736 naturali
839 686 1041 756 repugnantia,

33 779 114 834 quae
133 776 197 816 uon
212 761 306 815 solum
325 759 362 814 ab
377 759 503 817 indoctis
525 767 553 814 et
573 759 706 830 rudibus,
726 759 779 818 sed
800 762 887 815 otiam
908 760 1041 820 edoctis

35 849 67 896 ιι
88 839 205 913 ingenii
227 839 359 895 acumine
378 838 622 910 praecellentibus
637 839 708 893 viris
730 839 801 894 talia
822 855 883 894 esse
896 841 1054 916 ignorem.

36 929 111 987 1ιι;
141 935 209 974 nam
237 927 267 972 et
288 919 442 973 Cassianus
472 918 542 974 clim
569 918 679 990 aliique
701 919 728 972 S.
757 919 830 985 viri,
859 926 890 973 ut
917 917 948 974 in
978 919 1042 990 ejua

38 997 256 1053 collationibus
276 997 408 1064 habetur,
430 997 668 1052 existimaverunt
681 997 865 1052 mendacium
881 997 1042 1069 aliquando

37 1093 104 1133 esse
124 1077 240 1131 licitum
261 1075 427 1132 achonum
449 1075 570 1146 aliquod
589 1075 836 1146 promovendum,
863 1083 912 1131 aut
932 1079 1041 1134 malum

35 1153 275 1226 impediendum,
301 1155 444 1225 multique
470 1169 552 1209 nunc
577 1154 662 1209 etiam
678 1149 855 1212 'doctissimi
881 1155 939 1210 viri
960 1164 988 1211 ιι
1007 1157 1040 1210 ιι

35 1235 205 1306 'theologia
225 1235 416 1291 versatissimi
431 1233 608 1290 dissentiunt
625 1235 700 1289 inter
720 1246 751 1288 se
772 1232 808 1286 de
829 1247 860 1287 ιι
881 1233 1041 1303 aliqua-ad

29 1316 82 1386 jus
106 1321 230 1369 natutae
248 1313 431 1382 pertinente:
463 1329 491 1366 v.
514 1329 542 1384 gs
563 1311 598 1368 de
620 1318 769 1368 contractu
797 1311 913 1382 aliquo,
942 1317 1039 1368 utrum

35 1397 75 1449 sit
96 1388 416 1448 usurarinrautalias
434 1390 571 1462 injustus,
593 1389 653 1446 nec
668 1407 714 1457 ιιι,
736 1390 899 1460 abeuntque
920 1392 952 1444 in
973 1405 1040 1460 par·

36 1483 79 1528 tes
103 1471 331 1528 contradictum
352 1471 514 1544 oppositas,
540 1471 607 1527 aliis
629 1469 817 1542 negantibus,
846 1467 926 1524 aliis
936 1485 951 1524 ι
972 1483 1040 1524 cou-

37 1553 130 1606 trario
152 1547 386 1605 affirmantibus:
418 1549 649 1644 ιιιιιιιιιιιι,
671 1548 809 1628 quosdam
824 1547 966 1605 illorum
956 1562 1041 1620 igno·

37 1631 136 1686 tantia
158 1630 262 1720 aliqua
281 1627 480 1684 invincibili
468 1627 543 1700 Jnris
562 1627 706 1684 naturalis
720 1622 887 1728 laborare·

202 1889 206 1894 ·
251 1877 275 1924 ³
320 1875 586 1969 'lenonio
632 1866 725 1942 'vnn

180 1962 181 1968 ἵ
230 1969 232 1974 ,
273 1995 418 2068 Quinam
435 1996 502 2052 sint
517 1995 657 2053 allectus
675 1981 814 2065 paceio.

100 2113 127 2170 1.
166 2114 238 2168 'I'res
258 2114 408 2183 praecipui
422 2110 613 2174 communiter
633 2128 650 2166 a
671 2111 829 2185 theologis
842 2115 1037 2177 numerantur
1069 2129 1071 2137 ¹

37 2195 157 2252 Primus
180 2200 236 2260 ast,
259 2192 338 2264 quod
357 2190 456 2246 laedat
474 2191 602 2246 hominis
623 2198 768 2262 naturam,
788 2189 909 2261 ejusque
929 2186 1038 2242 bonum

36 2275 205 2328 imminuat.
247 2271 341 2326 itas.
368 2271 493 2327 Thomas
522 2277 631 2341 quaeat.
659 2269 708 2326 85.
738 2277 790 2325 ιιι.
820 2265 846 2322 1.
875 2265 956 2324 etz.
981 2263 1039 2324 ubi

39 2354 142 2420 docet,
172 2351 282 2406 bonum
309 2353 428 2404 naturae
453 2351 484 2403 in
511 2349 629 2404 homine
658 2348 766 2419 triplex
793 2363 862 2404 esse.
890 2345 1039 2400 Primum

37 2432 151 2488 bonum
174 2430 308 2485 consistit
336 2429 366 2483 in
394 2430 447 2496 iia,
477 2443 550 2498 quae
573 2424 611 2482 ad
631 2425 725 2498 ipsius
749 2435 870 2484 naturae
897 2417 1041 2481 ιἰιιιιιι

42 2511 199 2567 essentiam
220 2515 372 2578 ιιιιιιιις
392 2515 426 2562 ιι
447 2515 514 2562 sunt
534 2507 694 2577 principia,
723 2505 860 2576 quibus
851 2517 917 2572 npsa
936 2501 1053 2554 natura·
1128 2553 1130 2558 ,

41 2591 240 2656 constituitur,
261 2593 289 2642 et
307 2587 506 2664 proprietates,
529 2601 602 2660 quae
622 2586 659 2641 ab
679 2583 743 2638 illis
765 2583 905 2648 oriuntur,
926 2585 958 2634 ιι
973 2583 1040 2652 sunt

43 2683 106 2723 esse
125 2667 278 2732 rationale,
301 2676 361 2721 esse
381 2665 505 2722 liberum
528 2671 581 2720 ιιι
621 2662 784 2719 Secundum
805 2661 914 2716 bonum
935 2663 978 2740 est
996 2656 1044 2708 in-

45 2747 167 2802 clinatio
187 2745 243 2799 illa
264 2749 292 2798 ιι
312 2743 477 2815 propensio,
501 2759 587 2816 quam
592 2731 692 2797 homo
712 2737 750 2795 ιιι
768 2746 871 2796 natura
884 2752 947 2803 sua,
970 2744 1041 2807 qua·-

43 2835 128 2880 tenus
147 2823 299 2880 rationalis
321 2830 377 2890 est,
404 2821 491 2876 habet
516 2818 553 2876 ad
574 2821 718 2878 virtutem.
761 2818 892 2875 Tertium
914 2816 1045 2886 denique

45 2903 155 2958 bonum
180 2901 228 2958 ἰιι
252 2901 359 2956 donum
388 2899 539 2974 originalis
565 2899 712 2971 justitiae,
731 2896 886 2968 quadiu
916 2903 1044 2966 persona

42 2984 133 3052 primi
161 2980 287 3053 hominia
313 2981 464 3034 universae
491 2979 634 3034 humanae
661 2981 779 3032 naturae
809 2976 947 3038 collatum
975 2971 1042 3036 fuit,

43 3071 71 3118 et
91 3077 126 3117 ιο
149 3077 235 3116 sensu
256 3058 396 3114 bonum
386 3059 480 3128 ipsius
502 3055 621 3130 naturae
643 3063 785 3115 vocatur.
812 3050 868 3109 le
878 3055 924 3108 his
946 3057 1043 3105 autem

42 3142 137 3196 tribus
168 3146 287 3194 naturae
314 3137 401 3192 bonis
430 3136 514 3201 docet
540 3137 567 3190 S.
595 3135 704 3190 Ductor
728 3133 855 3208 primum
882 3145 935 3185 uec
964 3123 1054 3206 i⁰ffit

41 3234 95 3276 nec
116 3219 215 3274 minui
228 3231 280 3288 per
299 3217 394 3270 ullum
415 3221 584 3286 peccatum
615 3215 732 3270 tertium
748 3229 803 3282 per
814 3215 976 3281 peccatum
986 3205 1050 3262 orla

46 3299 143 3370 ginale
157 3297 274 3369 penitus
283 3295 417 3350 ι1ι1ι1ιιι
432 3292 538 3359 fuisse,
553 3292 710 3349 secuudum
725 3307 802 3356 vcro,
820 3285 1042 3343 inclinationem

47 3379 159 3434 scilicet
179 3376 264 3430 illam
285 3382 404 3431 naturae
423 3373 566 3426 humanae
586 3371 625 3424 ad
645 3370 794 3434 virtutem,
822 3362 958 3422 imminui
979 3359 1042 3429 qui-

48 3455 111 3512 dem
132 3471 189 3527 per
209 3460 369 3545 peccatum,
392 3469 456 3509 cum
478 3450 540 3520 ejus
561 3445 640 3503 actus
654 3445 755 3501 virtuti
778 3443 964 3514 opponatur,
970 3452 1045 3492 nun-

49 3549 134 3606 quam
157 3527 253 3588 tamen
273 3528 389 3602 penitus
411 3529 526 3585 auferri.

813 3613 881 3680 21*
