<?xml version="1.0" encoding="UTF-8"?>
<!DOCTYPE html PUBLIC "-//W3C//DTD XHTML 1.0 Transitional//EN"
    "http://www.w3.org/TR/xhtml1/DTD/xhtml1-transitional.dtd">
<html xmlns="http://www.w3.org/1999/xhtml" xml:lang="en" lang="en">
 <head>
  <title>
</title>
<meta http-equiv="Content-Type" content="text/html;charset=utf-8" />
  <meta name='ocr-system' content='tesseract 3.04.00' />
  <meta name='ocr-capabilities' content='ocr_page ocr_carea ocr_par ocr_line ocrx_word'/>
</head>
<body>
  <div class='ocr_page' id='page_1' title='image "./medullatheologi00abelgoog_0314.png"; bbox 0 0 2316 3866; ppageno 0'>
   <div class='ocr_carea' id='block_1_1' title="bbox 450 119 1066 190">
    <p class='ocr_par' dir='ltr' id='par_1_1' title="bbox 450 119 1066 190">
     <span class='ocr_line' id='line_1_1' title="bbox 450 119 1066 190; baseline 0.002 -10"><span class='ocrx_word' id='word_1_1' title='bbox 450 138 490 180; x_wconf 78' lang='lat' dir='ltr'>na</span> <span class='ocrx_word' id='word_1_2' title='bbox 508 137 657 182; x_wconf 76' lang='lat' dir='ltr'>mesura</span> <span class='ocrx_word' id='word_1_3' title='bbox 1004 119 1066 190; x_wconf 74' lang='grc'>369</span> 
     </span>
    </p>
   </div>
   <div class='ocr_carea' id='block_1_2' title="bbox 52 256 1071 3584">
    <p class='ocr_par' dir='ltr' id='par_1_2' title="bbox 57 256 1065 490">
     <span class='ocr_line' id='line_1_2' title="bbox 61 256 1065 329; baseline 0.002 -15"><span class='ocrx_word' id='word_1_4' title='bbox 61 263 175 326; x_wconf 84' lang='lat' dir='ltr'>nemus,</span> <span class='ocrx_word' id='word_1_5' title='bbox 208 256 318 329; x_wconf 87' lang='lat' dir='ltr'>quibus</span> <span class='ocrx_word' id='word_1_6' title='bbox 339 259 369 311; x_wconf 93' lang='lat' dir='ltr'>in</span> <span class='ocrx_word' id='word_1_7' title='bbox 391 256 527 327; x_wconf 83' lang='lat' dir='ltr'>quolibet</span> <span class='ocrx_word' id='word_1_8' title='bbox 544 271 613 312; x_wconf 81' lang='lat' dir='ltr'>oasu</span> <span class='ocrx_word' id='word_1_9' title='bbox 633 265 788 327; x_wconf 78' lang='lat' dir='ltr'>pennatum.</span> <span class='ocrx_word' id='word_1_10' title='bbox 804 259 926 316; x_wconf 79' lang='lat' dir='ltr'>morule</span> <span class='ocrx_word' id='word_1_11' title='bbox 946 274 964 314; x_wconf 90' lang='lat' dir='ltr'>a</span> <span class='ocrx_word' id='word_1_12' title='bbox 984 257 1065 316; x_wconf 67' lang='lat' dir='ltr'>venia</span> 
     </span>
     <span class='ocr_line' id='line_1_3' title="bbox 60 334 1063 410; baseline 0.002 -16"><span class='ocrx_word' id='word_1_13' title='bbox 60 340 99 394; x_wconf 90' lang='lat' dir='ltr'>ali</span> <span class='ocrx_word' id='word_1_14' title='bbox 121 338 298 410; x_wconf 71' lang='lat' dir='ltr'>dignoscere</span> <span class='ocrx_word' id='word_1_15' title='bbox 313 337 409 407; x_wconf 81' lang='lat' dir='ltr'>quivis</span> <span class='ocrx_word' id='word_1_16' title='bbox 423 334 618 405; x_wconf 72' lang='lat' dir='ltr'>probabiliter</span> <span class='ocrx_word' id='word_1_17' title='bbox 638 343 667 391; x_wconf 87' lang='lat' dir='ltr'>et</span> <span class='ocrx_word' id='word_1_18' title='bbox 687 342 747 393; x_wconf 85' lang='lat' dir='ltr'>luto</span> <span class='ocrx_word' id='word_1_19' title='bbox 768 337 883 405; x_wconf 83' lang='lat' dir='ltr'>poterit.</span> <span class='ocrx_word' id='word_1_20' title='bbox 917 336 966 394; x_wconf 84' lang='lat' dir='ltr'>Ad</span> <span class='ocrx_word' id='word_1_21' title='bbox 979 336 1063 396; x_wconf 76' lang='lat' dir='ltr'>illam</span> 
     </span>
     <span class='ocr_line' id='line_1_4' title="bbox 57 415 1044 490; baseline 0.001 -17"><span class='ocrx_word' id='word_1_22' title='bbox 57 420 149 490; x_wconf 86' lang='lat' dir='ltr'>igitur</span> <span class='ocrx_word' id='word_1_23' title='bbox 173 417 395 490; x_wconf 83' lang='lat' dir='ltr'>distinctionem</span> <span class='ocrx_word' id='word_1_24' title='bbox 409 415 522 487; x_wconf 78' lang='lat' dir='ltr'>peceati</span> <span class='ocrx_word' id='word_1_25' title='bbox 536 417 667 472; x_wconf 75' lang='lat' dir='ltr'>mortalis</span> <span class='ocrx_word' id='word_1_26' title='bbox 688 423 716 470; x_wconf 88' lang='lat' dir='ltr'>et</span> <span class='ocrx_word' id='word_1_27' title='bbox 735 416 860 470; x_wconf 84' lang='lat' dir='ltr'>venialis</span> <span class='ocrx_word' id='word_1_28' title='bbox 882 415 1044 474; x_wconf 78' lang='lat' dir='ltr'>satiendam</span> 
     </span>
    </p>

    <p class='ocr_par' dir='ltr' id='par_1_3' title="bbox 52 493 1064 1759">
     <span class='ocr_line' id='line_1_5' title="bbox 119 493 1064 566; baseline 0.003 -15"><span class='ocrx_word' id='word_1_29' title='bbox 119 495 348 552; x_wconf 85' lang='lat' dir='ltr'>Observandum</span> <span class='ocrx_word' id='word_1_30' title='bbox 373 493 399 550; x_wconf 88' lang='lat' dir='ltr'>l.</span> <span class='ocrx_word' id='word_1_31' title='bbox 421 493 563 565; x_wconf 85' lang='lat' dir='ltr'>quasdam</span> <span class='ocrx_word' id='word_1_32' title='bbox 590 501 710 564; x_wconf 81' lang='lat' dir='ltr'>peecata</span> <span class='ocrx_word' id='word_1_33' title='bbox 735 511 772 549; x_wconf 84' lang='lat' dir='ltr'>ex</span> <span class='ocrx_word' id='word_1_34' title='bbox 792 510 902 566; x_wconf 78' lang='lat' dir='ltr'>genere.</span> <span class='ocrx_word' id='word_1_35' title='bbox 915 513 966 552; x_wconf 88' lang='lat' dir='ltr'>suo</span> <span class='ocrx_word' id='word_1_36' title='bbox 988 511 1064 560; x_wconf 51' lang='lat' dir='ltr'>mors</span> 
     </span>
     <span class='ocr_line' id='line_1_6' title="bbox 56 571 1062 648; baseline 0.001 -16"><span class='ocrx_word' id='word_1_37' title='bbox 56 578 129 633; x_wconf 85' lang='lat' dir='ltr'>talia</span> <span class='ocrx_word' id='word_1_38' title='bbox 151 591 227 643; x_wconf 87' lang='lat' dir='ltr'>esse,</span> <span class='ocrx_word' id='word_1_39' title='bbox 250 582 277 629; x_wconf 91' lang='lat' dir='ltr'>et</span> <span class='ocrx_word' id='word_1_40' title='bbox 298 590 413 646; x_wconf 80' lang='lat' dir='ltr'>gravem</span> <span class='ocrx_word' id='word_1_41' title='bbox 434 573 542 629; x_wconf 87' lang='lat' dir='ltr'>habere</span> <span class='ocrx_word' id='word_1_42' title='bbox 564 589 628 629; x_wconf 88' lang='lat' dir='ltr'>oum</span> <span class='ocrx_word' id='word_1_43' title='bbox 650 581 728 630; x_wconf 83' lang='lat' dir='ltr'>reeta</span> <span class='ocrx_word' id='word_1_44' title='bbox 747 571 860 630; x_wconf 83' lang='lat' dir='ltr'>ratione</span> <span class='ocrx_word' id='word_1_45' title='bbox 879 581 909 628; x_wconf 88' lang='lat' dir='ltr'>et</span> <span class='ocrx_word' id='word_1_46' title='bbox 927 575 990 648; x_wconf 83' lang='lat' dir='ltr'>lege</span> <span class='ocrx_word' id='word_1_47' title='bbox 1007 576 1062 636; x_wconf 81' lang='lat' dir='ltr'>Dei</span> 
     </span>
     <span class='ocr_line' id='line_1_7' title="bbox 56 653 1061 727; baseline -0.001 -14"><span class='ocrx_word' id='word_1_48' title='bbox 56 657 296 727; x_wconf 72' lang='lat' dir='ltr'><strong>repugnantiam,</strong></span> <span class='ocrx_word' id='word_1_49' title='bbox 318 661 348 710; x_wconf 93' lang='lat' dir='ltr'>ut</span> <span class='ocrx_word' id='word_1_50' title='bbox 362 653 534 724; x_wconf 86' lang='lat' dir='ltr'>perjurium,</span> <span class='ocrx_word' id='word_1_51' title='bbox 554 653 745 709; x_wconf 82' lang='lat' dir='ltr'>homicidium</span> <span class='ocrx_word' id='word_1_52' title='bbox 760 659 814 708; x_wconf 86' lang='lat' dir='ltr'>ete.</span> <span class='ocrx_word' id='word_1_53' title='bbox 829 653 971 724; x_wconf 82' lang='lat' dir='ltr'>quaedam</span> <span class='ocrx_word' id='word_1_54' title='bbox 993 671 1061 714; x_wconf 76' lang='lat' dir='ltr'>reso</span> 
     </span>
     <span class='ocr_line' id='line_1_8' title="bbox 56 734 1063 806; baseline 0 -15"><span class='ocrx_word' id='word_1_55' title='bbox 56 736 285 806; x_wconf 71' lang='lat' dir='ltr'><strong>repugnantiam</strong></span> <span class='ocrx_word' id='word_1_56' title='bbox 306 734 389 788; x_wconf 88' lang='lat' dir='ltr'>illam</span> <span class='ocrx_word' id='word_1_57' title='bbox 411 749 526 804; x_wconf 78' lang='lat' dir='ltr'>grauem</span> <span class='ocrx_word' id='word_1_58' title='bbox 547 748 611 788; x_wconf 86' lang='lat' dir='ltr'>curu</span> <span class='ocrx_word' id='word_1_59' title='bbox 641 741 721 790; x_wconf 75' lang='lat' dir='ltr'>recta-</span> <span class='ocrx_word' id='word_1_60' title='bbox 741 735 854 788; x_wconf 80' lang='lat' dir='ltr'>ratione</span> <span class='ocrx_word' id='word_1_61' title='bbox 874 734 985 806; x_wconf 77' lang='lat' dir='ltr'>etlegs</span> <span class='ocrx_word' id='word_1_62' title='bbox 1006 734 1063 793; x_wconf 84' lang='lat' dir='ltr'>Dei</span> 
     </span>
     <span class='ocr_line' id='line_1_9' title="bbox 58 811 1062 884; baseline 0.002 -16"><span class='ocrx_word' id='word_1_63' title='bbox 58 831 119 868; x_wconf 92' lang='lat' dir='ltr'>nou</span> <span class='ocrx_word' id='word_1_64' title='bbox 138 813 264 881; x_wconf 85' lang='lat' dir='ltr'>habere,</span> <span class='ocrx_word' id='word_1_65' title='bbox 292 811 475 884; x_wconf 80' lang='lat' dir='ltr'>proindeque</span> <span class='ocrx_word' id='word_1_66' title='bbox 497 829 533 867; x_wconf 87' lang='lat' dir='ltr'>ex</span> <span class='ocrx_word' id='word_1_67' title='bbox 554 827 730 883; x_wconf 73' lang='lat' dir='ltr'>generosus</span> <span class='ocrx_word' id='word_1_68' title='bbox 755 828 813 882; x_wconf 74' lang='lat' dir='ltr'>non</span> <span class='ocrx_word' id='word_1_69' title='bbox 835 827 897 868; x_wconf 84' lang='lat' dir='ltr'>esse</span> <span class='ocrx_word' id='word_1_70' title='bbox 918 812 1062 880; x_wconf 82' lang='lat' dir='ltr'>mortalia,</span> 
     </span>
     <span class='ocr_line' id='line_1_10' title="bbox 63 890 1062 964; baseline -0.003 -13"><span class='ocrx_word' id='word_1_71' title='bbox 63 894 115 951; x_wconf 80' lang='lat' dir='ltr'>sed</span> <span class='ocrx_word' id='word_1_72' title='bbox 135 900 249 948; x_wconf 81' lang='lat' dir='ltr'>tantum</span> <span class='ocrx_word' id='word_1_73' title='bbox 270 891 417 946; x_wconf 84' lang='lat' dir='ltr'>venialia:</span> <span class='ocrx_word' id='word_1_74' title='bbox 451 890 615 964; x_wconf 83' lang='lat' dir='ltr'>eujusmodi</span> <span class='ocrx_word' id='word_1_75' title='bbox 642 899 709 948; x_wconf 88' lang='lat' dir='ltr'>sunt</span> <span class='ocrx_word' id='word_1_76' title='bbox 735 892 808 960; x_wconf 71' lang='lat' dir='ltr'>illa,</span> <span class='ocrx_word' id='word_1_77' title='bbox 831 891 870 948; x_wconf 89' lang='lat' dir='ltr'>de</span> <span class='ocrx_word' id='word_1_78' title='bbox 891 891 1000 963; x_wconf 86' lang='lat' dir='ltr'>quibus</span> <span class='ocrx_word' id='word_1_79' title='bbox 1019 893 1062 948; x_wconf 88' lang='lat' dir='ltr'>lo-</span> 
     </span>
     <span class='ocr_line' id='line_1_11' title="bbox 64 969 1062 1047; baseline 0 -20"><span class='ocrx_word' id='word_1_80' title='bbox 64 974 162 1044; x_wconf 90' lang='lat' dir='ltr'>quitur</span> <span class='ocrx_word' id='word_1_81' title='bbox 184 974 212 1027; x_wconf 79' lang='lat' dir='ltr'>S.</span> <span class='ocrx_word' id='word_1_82' title='bbox 235 972 416 1043; x_wconf 69' lang='lat' dir='ltr'>Augustinus</span> <span class='ocrx_word' id='word_1_83' title='bbox 444 987 528 1029; x_wconf 83' lang='lat' dir='ltr'>serm.</span> <span class='ocrx_word' id='word_1_84' title='bbox 550 970 578 1024; x_wconf 74' lang='lat' dir='ltr'>i.</span> <span class='ocrx_word' id='word_1_85' title='bbox 601 969 637 1025; x_wconf 88' lang='lat' dir='ltr'>de</span> <span class='ocrx_word' id='word_1_86' title='bbox 658 988 704 1028; x_wconf 83' lang='lat' dir='ltr'>au.</span> <span class='ocrx_word' id='word_1_87' title='bbox 726 971 784 1026; x_wconf 87' lang='lat' dir='ltr'>dei.</span> <span class='ocrx_word' id='word_1_88' title='bbox 827 972 937 1033; x_wconf 79' lang='lat' dir='ltr'>Quoties</span> <span class='ocrx_word' id='word_1_89' title='bbox 962 973 1062 1047; x_wconf 77' lang='lat' dir='ltr'>aliquis</span> 
     </span>
     <span class='ocr_line' id='line_1_12' title="bbox 63 1051 1062 1124; baseline 0 -18"><span class='ocrx_word' id='word_1_90' title='bbox 63 1055 93 1106; x_wconf 84' lang='grc' dir='ltr'>ιἰι</span> <span class='ocrx_word' id='word_1_91' title='bbox 113 1053 177 1106; x_wconf 81' lang='lat' dir='ltr'>siba</span> <span class='ocrx_word' id='word_1_92' title='bbox 193 1061 220 1106; x_wconf 82' lang='lat' dir='ltr'>st</span> <span class='ocrx_word' id='word_1_93' title='bbox 235 1061 305 1122; x_wconf 81' lang='lat' dir='ltr'>potu</span> <span class='ocrx_word' id='word_1_94' title='bbox 321 1052 386 1120; x_wconf 81' lang='lat' dir='ltr'>plus</span> <span class='ocrx_word' id='word_1_95' title='bbox 406 1051 505 1122; x_wconf 79' lang='lat' dir='ltr'>ueea‘pit</span> <span class='ocrx_word' id='word_1_96' title='bbox 525 1068 605 1122; x_wconf 80' lang='lat' dir='ltr'>quasa</span> <span class='ocrx_word' id='word_1_97' title='bbox 622 1067 729 1105; x_wconf 79' lang='lat' dir='ltr'>neeesse</span> <span class='ocrx_word' id='word_1_98' title='bbox 749 1053 803 1116; x_wconf 68' lang='lat' dir='ltr'>ait.</span> <span class='ocrx_word' id='word_1_99' title='bbox 815 1055 919 1122; x_wconf 77' lang='lat' dir='ltr'>quoties</span> <span class='ocrx_word' id='word_1_100' title='bbox 933 1053 1006 1124; x_wconf 74' lang='lat' dir='ltr'>pltea</span> <span class='ocrx_word' id='word_1_101' title='bbox 1020 1053 1062 1116; x_wconf 70' lang='grc' dir='ltr'>ιιι»,</span> 
     </span>
     <span class='ocr_line' id='line_1_13' title="bbox 56 1131 1061 1204; baseline 0.002 -19"><span class='ocrx_word' id='word_1_102' title='bbox 56 1135 152 1204; x_wconf 60' lang='lat' dir='ltr'>matra</span> <span class='ocrx_word' id='word_1_103' title='bbox 171 1147 255 1202; x_wconf 83' lang='lat' dir='ltr'>quum</span> <span class='ocrx_word' id='word_1_104' title='bbox 275 1139 408 1201; x_wconf 78' lang='lat' dir='ltr'>oporteat,</span> <span class='ocrx_word' id='word_1_105' title='bbox 438 1139 486 1186; x_wconf 83' lang='lat' dir='ltr'>out</span> <span class='ocrx_word' id='word_1_106' title='bbox 501 1131 566 1200; x_wconf 74' lang='lat' dir='ltr'>plus</span> <span class='ocrx_word' id='word_1_107' title='bbox 587 1139 657 1184; x_wconf 82' lang='lat' dir='ltr'>tuost</span> <span class='ocrx_word' id='word_1_108' title='bbox 683 1147 763 1200; x_wconf 83' lang='lat' dir='ltr'>quana</span> <span class='ocrx_word' id='word_1_109' title='bbox 788 1132 928 1200; x_wconf 71' lang='lat' dir='ltr'>expediat,</span> <span class='ocrx_word' id='word_1_110' title='bbox 958 1133 1061 1202; x_wconf 77' lang='lat' dir='ltr'>quoties</span> 
     </span>
     <span class='ocr_line' id='line_1_14' title="bbox 52 1208 1062 1282; baseline 0.001 -17"><span class='ocrx_word' id='word_1_111' title='bbox 52 1229 209 1282; x_wconf 78' lang='lat' dir='ltr'>pauperem</span> <span class='ocrx_word' id='word_1_112' title='bbox 230 1212 378 1280; x_wconf 80' lang='lat' dir='ltr'>importune</span> <span class='ocrx_word' id='word_1_113' title='bbox 394 1219 530 1280; x_wconf 78' lang='lat' dir='ltr'>petentem</span> <span class='ocrx_word' id='word_1_114' title='bbox 550 1215 700 1280; x_wconf 66' lang='lat' dir='ltr'>exasperat,</span> <span class='ocrx_word' id='word_1_115' title='bbox 725 1215 753 1262; x_wconf 88' lang='lat' dir='ltr'>et</span> <span class='ocrx_word' id='word_1_116' title='bbox 769 1208 880 1265; x_wconf 75' lang='lat' dir='ltr'><strong>similia</strong></span> <span class='ocrx_word' id='word_1_117' title='bbox 895 1225 980 1278; x_wconf 90' lang='lat' dir='ltr'>quam</span> <span class='ocrx_word' id='word_1_118' title='bbox 993 1211 1062 1282; x_wconf 80' lang='lat' dir='ltr'>plu·</span> 
     </span>
     <span class='ocr_line' id='line_1_15' title="bbox 57 1287 1062 1360; baseline 0 -16"><span class='ocrx_word' id='word_1_119' title='bbox 57 1293 143 1356; x_wconf 82' lang='lat' dir='ltr'>rima,</span> <span class='ocrx_word' id='word_1_120' title='bbox 167 1305 243 1360; x_wconf 81' lang='lat' dir='ltr'>quae</span> <span class='ocrx_word' id='word_1_121' title='bbox 263 1289 373 1344; x_wconf 86' lang='lat' dir='ltr'><strong>ibidem</strong></span> <span class='ocrx_word' id='word_1_122' title='bbox 395 1296 551 1345; x_wconf 89' lang='lat' dir='ltr'>enumerat.</span> <span class='ocrx_word' id='word_1_123' title='bbox 589 1289 732 1355; x_wconf 82' lang='lat' dir='ltr'>Quoniam</span> <span class='ocrx_word' id='word_1_124' title='bbox 748 1288 869 1344; x_wconf 75' lang='lat' dir='ltr'>veroin</span> <span class='ocrx_word' id='word_1_125' title='bbox 892 1287 1062 1358; x_wconf 84' lang='lat' dir='ltr'>dignoseen·</span> 
     </span>
     <span class='ocr_line' id='line_1_16' title="bbox 58 1367 1061 1440; baseline -0.004 -16"><span class='ocrx_word' id='word_1_126' title='bbox 58 1371 104 1424; x_wconf 91' lang='lat' dir='ltr'>dis</span> <span class='ocrx_word' id='word_1_127' title='bbox 126 1367 299 1440; x_wconf 81' lang='lat' dir='ltr'>hujusmodi</span> <span class='ocrx_word' id='word_1_128' title='bbox 318 1369 458 1438; x_wconf 82' lang='lat' dir='ltr'>peccatis,</span> <span class='ocrx_word' id='word_1_129' title='bbox 487 1383 561 1440; x_wconf 88' lang='lat' dir='ltr'>quae</span> <span class='ocrx_word' id='word_1_130' title='bbox 589 1383 625 1422; x_wconf 84' lang='lat' dir='ltr'>ex</span> <span class='ocrx_word' id='word_1_131' title='bbox 653 1384 758 1440; x_wconf 85' lang='lat' dir='ltr'>genere</span> <span class='ocrx_word' id='word_1_132' title='bbox 783 1382 834 1422; x_wconf 86' lang='lat' dir='ltr'>suo</span> <span class='ocrx_word' id='word_1_133' title='bbox 858 1368 992 1423; x_wconf 87' lang='lat' dir='ltr'>mortalia</span> <span class='ocrx_word' id='word_1_134' title='bbox 1012 1367 1061 1425; x_wconf 81' lang='lat' dir='ltr'>val</span> 
     </span>
     <span class='ocr_line' id='line_1_17' title="bbox 58 1445 1062 1518; baseline -0.005 -14"><span class='ocrx_word' id='word_1_135' title='bbox 58 1450 193 1504; x_wconf 82' lang='lat' dir='ltr'>venialia</span> <span class='ocrx_word' id='word_1_136' title='bbox 212 1456 292 1514; x_wconf 84' lang='lat' dir='ltr'>sunt,</span> <span class='ocrx_word' id='word_1_137' title='bbox 319 1449 416 1518; x_wconf 86' lang='lat' dir='ltr'>quivis</span> <span class='ocrx_word' id='word_1_138' title='bbox 438 1448 610 1518; x_wconf 87' lang='lat' dir='ltr'>plerumque</span> <span class='ocrx_word' id='word_1_139' title='bbox 630 1449 749 1518; x_wconf 85' lang='lat' dir='ltr'>proprio</span> <span class='ocrx_word' id='word_1_140' title='bbox 768 1463 856 1502; x_wconf 85' lang='lat' dir='ltr'>sensu</span> <span class='ocrx_word' id='word_1_141' title='bbox 877 1447 943 1505; x_wconf 79' lang='lat' dir='ltr'>falli</span> <span class='ocrx_word' id='word_1_142' title='bbox 963 1453 992 1500; x_wconf 86' lang='lat' dir='ltr'>st</span> <span class='ocrx_word' id='word_1_143' title='bbox 1013 1445 1062 1500; x_wconf 78' lang='lat' dir='ltr'>de·</span> 
     </span>
     <span class='ocr_line' id='line_1_18' title="bbox 60 1526 1062 1600; baseline -0.003 -17"><span class='ocrx_word' id='word_1_144' title='bbox 60 1531 122 1600; x_wconf 84' lang='lat' dir='ltr'><strong>cipi</strong></span> <span class='ocrx_word' id='word_1_145' title='bbox 136 1536 246 1599; x_wconf 88' lang='lat' dir='ltr'>posset,</span> <span class='ocrx_word' id='word_1_146' title='bbox 268 1527 341 1581; x_wconf 88' lang='lat' dir='ltr'>duas</span> <span class='ocrx_word' id='word_1_147' title='bbox 356 1529 471 1598; x_wconf 81' lang='lat' dir='ltr'>regulae</span> <span class='ocrx_word' id='word_1_148' title='bbox 490 1528 680 1582; x_wconf 79' lang='lat' dir='ltr'>communiter</span> <span class='ocrx_word' id='word_1_149' title='bbox 695 1544 711 1581; x_wconf 94' lang='lat' dir='ltr'>a</span> <span class='ocrx_word' id='word_1_150' title='bbox 726 1526 898 1582; x_wconf 77' lang='lat' dir='ltr'>Ductoribus</span> <span class='ocrx_word' id='word_1_151' title='bbox 913 1527 1062 1596; x_wconf 78' lang='lat' dir='ltr'>assiguan-</span> 
     </span>
     <span class='ocr_line' id='line_1_19' title="bbox 60 1604 1062 1678; baseline -0.004 -16"><span class='ocrx_word' id='word_1_152' title='bbox 60 1614 115 1675; x_wconf 85' lang='lat' dir='ltr'>lur,</span> <span class='ocrx_word' id='word_1_153' title='bbox 139 1605 299 1663; x_wconf 78' lang='lat' dir='ltr'>secuudum</span> <span class='ocrx_word' id='word_1_154' title='bbox 322 1621 394 1677; x_wconf 88' lang='lat' dir='ltr'>quas</span> <span class='ocrx_word' id='word_1_155' title='bbox 417 1615 525 1663; x_wconf 83' lang='lat' dir='ltr'>eertum</span> <span class='ocrx_word' id='word_1_156' title='bbox 548 1613 577 1661; x_wconf 88' lang='lat' dir='ltr'>ot</span> <span class='ocrx_word' id='word_1_157' title='bbox 597 1614 689 1661; x_wconf 86' lang='lat' dir='ltr'>tutum</span> <span class='ocrx_word' id='word_1_158' title='bbox 705 1606 854 1678; x_wconf 77' lang='lat' dir='ltr'>judicium</span> <span class='ocrx_word' id='word_1_159' title='bbox 871 1604 906 1663; x_wconf 77' lang='lat' dir='ltr'>de</span> <span class='ocrx_word' id='word_1_160' title='bbox 921 1604 1062 1676; x_wconf 76' lang='lat' dir='ltr'>qualitate</span> 
     </span>
     <span class='ocr_line' id='line_1_20' title="bbox 57 1687 1056 1759; baseline -0.004 -17"><span class='ocrx_word' id='word_1_161' title='bbox 57 1688 263 1759; x_wconf 77' lang='lat' dir='ltr'>cujuscunque</span> <span class='ocrx_word' id='word_1_162' title='bbox 277 1687 397 1756; x_wconf 84' lang='lat' dir='ltr'>-peeoatl</span> <span class='ocrx_word' id='word_1_163' title='bbox 418 1687 488 1742; x_wconf 83' lang='lat' dir='ltr'>ferri</span> <span class='ocrx_word' id='word_1_164' title='bbox 506 1693 635 1756; x_wconf 77' lang='lat' dir='ltr'>potest·</span> <span class='ocrx_word' id='word_1_165' title='bbox 978 1713 983 1723; x_wconf 79' lang='lat'><strong>·</strong></span> <span class='ocrx_word' id='word_1_166' title='bbox 1052 1711 1056 1720; x_wconf 91' lang='lat'>.</span> 
     </span>
    </p>

    <p class='ocr_par' dir='ltr' id='par_1_4' title="bbox 57 1763 1062 2390">
     <span class='ocr_line' id='line_1_21' title="bbox 119 1763 1060 1836; baseline -0.001 -15"><span class='ocrx_word' id='word_1_167' title='bbox 119 1766 148 1821; x_wconf 76' lang='grc'>2.</span> <span class='ocrx_word' id='word_1_168' title='bbox 193 1765 291 1820; x_wconf 83' lang='lat' dir='ltr'>Prima</span> <span class='ocrx_word' id='word_1_169' title='bbox 318 1767 418 1836; x_wconf 78' lang='lat' dir='ltr'>regula</span> <span class='ocrx_word' id='word_1_170' title='bbox 445 1781 480 1820; x_wconf 85' lang='lat' dir='ltr'>ex</span> <span class='ocrx_word' id='word_1_171' title='bbox 502 1765 658 1834; x_wconf 74' lang='lat' dir='ltr'>scripturis</span> <span class='ocrx_word' id='word_1_172' title='bbox 685 1765 828 1821; x_wconf 82' lang='lat' dir='ltr'>habetura</span> <span class='ocrx_word' id='word_1_173' title='bbox 860 1763 977 1835; x_wconf 91' lang='lat' dir='ltr'>quando</span> <span class='ocrx_word' id='word_1_174' title='bbox 1005 1763 1060 1822; x_wconf 64' lang='lat' dir='ltr'>soie</span> 
     </span>
     <span class='ocr_line' id='line_1_22' title="bbox 57 1843 1060 1914; baseline 0.001 -14"><span class='ocrx_word' id='word_1_175' title='bbox 57 1847 130 1902; x_wconf 88' lang='lat' dir='ltr'>lieet</span> <span class='ocrx_word' id='word_1_176' title='bbox 157 1861 257 1900; x_wconf 84' lang='lat' dir='ltr'>sacrae</span> <span class='ocrx_word' id='word_1_177' title='bbox 276 1845 406 1900; x_wconf 82' lang='lat' dir='ltr'>Litterae</span> <span class='ocrx_word' id='word_1_178' title='bbox 434 1845 567 1910; x_wconf 74' lang='lat' dir='ltr'>tendunt,</span> <span class='ocrx_word' id='word_1_179' title='bbox 600 1851 750 1914; x_wconf 79' lang='lat' dir='ltr'>peceatum</span> <span class='ocrx_word' id='word_1_180' title='bbox 778 1843 901 1914; x_wconf 88' lang='lat' dir='ltr'>aliquod</span> <span class='ocrx_word' id='word_1_181' title='bbox 929 1859 956 1896; x_wconf 88' lang='lat' dir='ltr'>a</span> <span class='ocrx_word' id='word_1_182' title='bbox 973 1857 1060 1913; x_wconf 77' lang='lat' dir='ltr'>regna</span> 
     </span>
     <span class='ocr_line' id='line_1_23' title="bbox 58 1922 1060 1994; baseline -0.004 -14"><span class='ocrx_word' id='word_1_183' title='bbox 58 1927 115 1980; x_wconf 89' lang='lat' dir='ltr'>Dei</span> <span class='ocrx_word' id='word_1_184' title='bbox 136 1924 313 1991; x_wconf 53' lang='lat' dir='ltr'>excluderer</span> <span class='ocrx_word' id='word_1_185' title='bbox 337 1931 578 1980; x_wconf 67' lang='lat' dir='ltr'>remaneamus</span> <span class='ocrx_word' id='word_1_186' title='bbox 595 1932 774 1993; x_wconf 83' lang='lat' dir='ltr'>peecatorem</span> <span class='ocrx_word' id='word_1_187' title='bbox 796 1923 916 1994; x_wconf 82' lang='lat' dir='ltr'>dignum</span> <span class='ocrx_word' id='word_1_188' title='bbox 939 1922 1060 1990; x_wconf 77' lang='lat' dir='ltr'>eiicere,</span> 
     </span>
     <span class='ocr_line' id='line_1_24' title="bbox 57 2000 1061 2072; baseline 0 -14"><span class='ocrx_word' id='word_1_189' title='bbox 57 2005 213 2060; x_wconf 87' lang='lat' dir='ltr'>inimicum</span> <span class='ocrx_word' id='word_1_190' title='bbox 243 2004 297 2058; x_wconf 87' lang='lat' dir='ltr'>Dei</span> <span class='ocrx_word' id='word_1_191' title='bbox 324 2005 516 2058; x_wconf 82' lang='lat' dir='ltr'>constituere:</span> <span class='ocrx_word' id='word_1_192' title='bbox 550 2018 587 2056; x_wconf 78' lang='lat' dir='ltr'>ex</span> <span class='ocrx_word' id='word_1_193' title='bbox 613 2004 659 2057; x_wconf 90' lang='lat' dir='ltr'>his</span> <span class='ocrx_word' id='word_1_194' title='bbox 673 2009 715 2058; x_wconf 85' lang='lat' dir='ltr'>et</span> <span class='ocrx_word' id='word_1_195' title='bbox 742 2002 889 2058; x_wconf 84' lang='lat' dir='ltr'>slmilibus</span> <span class='ocrx_word' id='word_1_196' title='bbox 921 2000 1061 2072; x_wconf 87' lang='lat' dir='ltr'>loquendi</span> 
     </span>
     <span class='ocr_line' id='line_1_25' title="bbox 59 2081 1062 2153; baseline -0.003 -15"><span class='ocrx_word' id='word_1_197' title='bbox 59 2084 155 2140; x_wconf 86' lang='lat' dir='ltr'>modis</span> <span class='ocrx_word' id='word_1_198' title='bbox 178 2090 255 2137; x_wconf 85' lang='lat' dir='ltr'>reete</span> <span class='ocrx_word' id='word_1_199' title='bbox 273 2083 406 2150; x_wconf 27' lang='lat' dir='ltr'>liniantur,</span> <span class='ocrx_word' id='word_1_200' title='bbox 428 2089 577 2152; x_wconf 80' lang='lat' dir='ltr'>peecatum</span> <span class='ocrx_word' id='word_1_201' title='bbox 593 2081 737 2153; x_wconf 85' lang='lat' dir='ltr'>ejusmodi</span> <span class='ocrx_word' id='word_1_202' title='bbox 757 2097 794 2136; x_wconf 80' lang='lat' dir='ltr'>ex</span> <span class='ocrx_word' id='word_1_203' title='bbox 816 2095 983 2152; x_wconf 77' lang='lat' dir='ltr'>generosus</span> <span class='ocrx_word' id='word_1_204' title='bbox 999 2095 1062 2136; x_wconf 86' lang='lat' dir='ltr'>esse</span> 
     </span>
     <span class='ocr_line' id='line_1_26' title="bbox 59 2157 1058 2233; baseline -0.006 -16"><span class='ocrx_word' id='word_1_205' title='bbox 59 2163 191 2218; x_wconf 81' lang='lat' dir='ltr'>morssla.</span> <span class='ocrx_word' id='word_1_206' title='bbox 234 2161 271 2216; x_wconf 79' lang='lat' dir='ltr'>lit</span> <span class='ocrx_word' id='word_1_207' title='bbox 296 2161 351 2216; x_wconf 86' lang='lat' dir='ltr'>heo</span> <span class='ocrx_word' id='word_1_208' title='bbox 378 2162 480 2232; x_wconf 83' lang='lat' dir='ltr'>regula</span> <span class='ocrx_word' id='word_1_209' title='bbox 506 2162 596 2216; x_wconf 89' lang='lat' dir='ltr'>utitur</span> <span class='ocrx_word' id='word_1_210' title='bbox 622 2162 650 2216; x_wconf 82' lang='lat' dir='ltr'>S.</span> <span class='ocrx_word' id='word_1_211' title='bbox 671 2161 851 2233; x_wconf 83' lang='lat' dir='ltr'>Augustinus</span> <span class='ocrx_word' id='word_1_212' title='bbox 879 2161 913 2216; x_wconf 85' lang='lat' dir='ltr'>in·</span> <span class='ocrx_word' id='word_1_213' title='bbox 939 2157 1058 2219; x_wconf 79' lang='lat' dir='ltr'>Enehit.</span> 
     </span>
     <span class='ocr_line' id='line_1_27' title="bbox 59 2239 1060 2313; baseline -0.005 -16"><span class='ocrx_word' id='word_1_214' title='bbox 59 2259 123 2313; x_wconf 85' lang='lat' dir='ltr'>cap.</span> <span class='ocrx_word' id='word_1_215' title='bbox 147 2239 196 2296; x_wconf 73' lang='grc'>78.</span> <span class='ocrx_word' id='word_1_216' title='bbox 220 2239 271 2295; x_wconf 87' lang='lat' dir='ltr'>ubi</span> <span class='ocrx_word' id='word_1_217' title='bbox 293 2241 377 2308; x_wconf 81' lang='lat' dir='ltr'>dieii,</span> <span class='ocrx_word' id='word_1_218' title='bbox 402 2239 488 2311; x_wconf 88' lang='lat' dir='ltr'>quod</span> <span class='ocrx_word' id='word_1_219' title='bbox 507 2240 654 2310; x_wconf 85' lang='lat' dir='ltr'>quaedam</span> <span class='ocrx_word' id='word_1_220' title='bbox 677 2247 797 2309; x_wconf 81' lang='lat' dir='ltr'>pecuale</span> <span class='ocrx_word' id='word_1_221' title='bbox 821 2240 1060 2308; x_wconf 74' lang='lat' dir='ltr'>leuissimaputq-</span> 
     </span>
     <span class='ocr_line' id='line_1_28' title="bbox 58 2319 1057 2390; baseline -0.001 -16"><span class='ocrx_word' id='word_1_222' title='bbox 58 2332 161 2385; x_wconf 77' lang='lat' dir='ltr'>rentur,</span> <span class='ocrx_word' id='word_1_223' title='bbox 184 2322 241 2376; x_wconf 78' lang='lat' dir='ltr'>nisi</span> <span class='ocrx_word' id='word_1_224' title='bbox 259 2322 287 2373; x_wconf 83' lang='grc' dir='ltr'>ιἰι</span> <span class='ocrx_word' id='word_1_225' title='bbox 308 2320 459 2390; x_wconf 58' lang='lat' dir='ltr'>Senatores</span> <span class='ocrx_word' id='word_1_226' title='bbox 479 2321 725 2374; x_wconf 74' lang='lat' dir='ltr'>demonstrarentur</span> <span class='ocrx_word' id='word_1_227' title='bbox 746 2321 870 2388; x_wconf 78' lang='lat' dir='ltr'>opinions</span> <span class='ocrx_word' id='word_1_228' title='bbox 889 2319 1057 2388; x_wconf 56' lang='lat' dir='ltr'>qrauiosua-</span> 
     </span>
    </p>

    <p class='ocr_par' dir='ltr' id='par_1_5' title="bbox 57 2398 1071 3105">
     <span class='ocr_line' id='line_1_29' title="bbox 118 2398 1059 2470; baseline -0.003 -15"><span class='ocrx_word' id='word_1_229' title='bbox 118 2398 256 2455; x_wconf 79' lang='lat' dir='ltr'>Secunda</span> <span class='ocrx_word' id='word_1_230' title='bbox 276 2401 377 2470; x_wconf 85' lang='lat' dir='ltr'>regula</span> <span class='ocrx_word' id='word_1_231' title='bbox 398 2409 442 2454; x_wconf 78' lang='lat' dir='ltr'>ex·</span> <span class='ocrx_word' id='word_1_232' title='bbox 453 2400 600 2454; x_wconf 88' lang='lat' dir='ltr'>eommuni</span> <span class='ocrx_word' id='word_1_233' title='bbox 614 2400 763 2456; x_wconf 75' lang='lat' dir='ltr'>Ecclesiae</span> <span class='ocrx_word' id='word_1_234' title='bbox 779 2405 806 2452; x_wconf 90' lang='lat' dir='ltr'>et</span> <span class='ocrx_word' id='word_1_235' title='bbox 821 2399 978 2456; x_wconf 78' lang='lat' dir='ltr'>Doctorum</span> <span class='ocrx_word' id='word_1_236' title='bbox 992 2412 1059 2456; x_wconf 61' lang='lat' dir='ltr'>oon*</span> 
     </span>
     <span class='ocr_line' id='line_1_30' title="bbox 58 2476 1071 2549; baseline -0.004 -14"><span class='ocrx_word' id='word_1_237' title='bbox 58 2497 143 2535; x_wconf 85' lang='lat' dir='ltr'>sensu</span> <span class='ocrx_word' id='word_1_238' title='bbox 168 2479 328 2536; x_wconf 82' lang='lat' dir='ltr'>desumitur</span> <span class='ocrx_word' id='word_1_239' title='bbox 336 2499 348 2532; x_wconf 70' lang='grc' dir='ltr'>ι,</span> <span class='ocrx_word' id='word_1_240' title='bbox 375 2478 491 2549; x_wconf 91' lang='lat' dir='ltr'>quando</span> <span class='ocrx_word' id='word_1_241' title='bbox 514 2477 589 2533; x_wconf 88' lang='lat' dir='ltr'>enim</span> <span class='ocrx_word' id='word_1_242' title='bbox 606 2487 647 2534; x_wconf 79' lang='lat' dir='ltr'>ex</span> <span class='ocrx_word' id='word_1_243' title='bbox 661 2478 826 2547; x_wconf 80' lang='lat' dir='ltr'>Scripturas</span> <span class='ocrx_word' id='word_1_244' title='bbox 848 2476 977 2530; x_wconf 87' lang='lat' dir='ltr'>terminis</span> <span class='ocrx_word' id='word_1_245' title='bbox 999 2489 1071 2531; x_wconf 82' lang='lat' dir='ltr'>nou·</span> 
     </span>
     <span class='ocr_line' id='line_1_31' title="bbox 57 2556 1060 2630; baseline -0.004 -16"><span class='ocrx_word' id='word_1_246' title='bbox 57 2561 129 2614; x_wconf 84' lang='lat' dir='ltr'>satis</span> <span class='ocrx_word' id='word_1_247' title='bbox 150 2560 259 2630; x_wconf 86' lang='lat' dir='ltr'>liquet,</span> <span class='ocrx_word' id='word_1_248' title='bbox 289 2565 385 2612; x_wconf 87' lang='lat' dir='ltr'>utrum</span> <span class='ocrx_word' id='word_1_249' title='bbox 405 2563 554 2628; x_wconf 81' lang='lat' dir='ltr'>peceatum</span> <span class='ocrx_word' id='word_1_250' title='bbox 584 2556 703 2628; x_wconf 75' lang='lat' dir='ltr'>aliquod</span> <span class='ocrx_word' id='word_1_251' title='bbox 725 2570 884 2627; x_wconf 78' lang='lat' dir='ltr'>exgenere</span> <span class='ocrx_word' id='word_1_252' title='bbox 912 2561 965 2608; x_wconf 79' lang='lat' dir='ltr'>sun</span> <span class='ocrx_word' id='word_1_253' title='bbox 986 2570 1060 2610; x_wconf 79' lang='lat' dir='ltr'>mun·</span> 
     </span>
     <span class='ocr_line' id='line_1_32' title="bbox 60 2631 1061 2708; baseline -0.005 -16"><span class='ocrx_word' id='word_1_254' title='bbox 60 2639 117 2694; x_wconf 85' lang='lat' dir='ltr'>tale</span> <span class='ocrx_word' id='word_1_255' title='bbox 139 2639 187 2692; x_wconf 89' lang='lat' dir='ltr'>vel</span> <span class='ocrx_word' id='word_1_256' title='bbox 208 2638 324 2695; x_wconf 80' lang='lat' dir='ltr'>veniale</span> <span class='ocrx_word' id='word_1_257' title='bbox 345 2639 391 2704; x_wconf 85' lang='lat' dir='ltr'>sit,</span> <span class='ocrx_word' id='word_1_258' title='bbox 414 2636 572 2694; x_wconf 85' lang='lat' dir='ltr'>videndum</span> <span class='ocrx_word' id='word_1_259' title='bbox 593 2637 665 2708; x_wconf 87' lang='lat' dir='ltr'>quid</span> <span class='ocrx_word' id='word_1_260' title='bbox 688 2637 813 2693; x_wconf 83' lang='lat' dir='ltr'>sentiant</span> <span class='ocrx_word' id='word_1_261' title='bbox 833 2633 980 2692; x_wconf 79' lang='lat' dir='ltr'>Ecclesiae</span> <span class='ocrx_word' id='word_1_262' title='bbox 1003 2631 1061 2688; x_wconf 57' lang='lat' dir='ltr'>Dos</span> 
     </span>
     <span class='ocr_line' id='line_1_33' title="bbox 60 2712 1059 2782; baseline -0.007 -10"><span class='ocrx_word' id='word_1_263' title='bbox 60 2723 172 2773; x_wconf 83' lang='lat' dir='ltr'>atores:</span> <span class='ocrx_word' id='word_1_264' title='bbox 203 2719 231 2771; x_wconf 90' lang='lat' dir='ltr'>si</span> <span class='ocrx_word' id='word_1_265' title='bbox 252 2717 328 2772; x_wconf 84' lang='lat' dir='ltr'>enim</span> <span class='ocrx_word' id='word_1_266' title='bbox 343 2717 482 2774; x_wconf 84' lang='lat' dir='ltr'>unanimi</span> <span class='ocrx_word' id='word_1_267' title='bbox 503 2731 644 2771; x_wconf 84' lang='lat' dir='ltr'>consensu</span> <span class='ocrx_word' id='word_1_268' title='bbox 668 2715 804 2782; x_wconf 77' lang='lat' dir='ltr'>doceant,</span> <span class='ocrx_word' id='word_1_269' title='bbox 833 2718 983 2782; x_wconf 76' lang='lat' dir='ltr'>pensatum</span> <span class='ocrx_word' id='word_1_270' title='bbox 1005 2712 1059 2766; x_wconf 72' lang='lat' dir='ltr'>ali</span> 
     </span>
     <span class='ocr_line' id='line_1_34' title="bbox 58 2790 1058 2868; baseline 0.002 -18"><span class='ocrx_word' id='word_1_271' title='bbox 58 2797 139 2867; x_wconf 85' lang='lat' dir='ltr'>quod</span> <span class='ocrx_word' id='word_1_272' title='bbox 161 2811 198 2854; x_wconf 81' lang='lat' dir='ltr'>ex</span> <span class='ocrx_word' id='word_1_273' title='bbox 215 2811 323 2868; x_wconf 36' lang='lat' dir='ltr'>&#39;genere</span> <span class='ocrx_word' id='word_1_274' title='bbox 344 2811 396 2852; x_wconf 90' lang='lat' dir='ltr'>suo</span> <span class='ocrx_word' id='word_1_275' title='bbox 418 2795 479 2850; x_wconf 84' lang='lat' dir='ltr'>esse</span> <span class='ocrx_word' id='word_1_276' title='bbox 505 2797 639 2862; x_wconf 86' lang='lat' dir='ltr'>mortale,</span> <span class='ocrx_word' id='word_1_277' title='bbox 668 2807 722 2863; x_wconf 82' lang='lat' dir='ltr'>pro</span> <span class='ocrx_word' id='word_1_278' title='bbox 749 2793 866 2850; x_wconf 84' lang='lat' dir='ltr'>mortali</span> <span class='ocrx_word' id='word_1_279' title='bbox 891 2790 1058 2852; x_wconf 81' lang='lat' dir='ltr'>habendum</span> 
     </span>
     <span class='ocr_line' id='line_1_35' title="bbox 64 2872 1059 2946; baseline -0.004 -16"><span class='ocrx_word' id='word_1_280' title='bbox 64 2883 124 2944; x_wconf 84' lang='lat' dir='ltr'>est;</span> <span class='ocrx_word' id='word_1_281' title='bbox 154 2877 332 2943; x_wconf 77' lang='lat' dir='ltr'>sireniale,</span> <span class='ocrx_word' id='word_1_282' title='bbox 361 2891 416 2944; x_wconf 85' lang='lat' dir='ltr'>pre</span> <span class='ocrx_word' id='word_1_283' title='bbox 442 2872 784 2946; x_wconf 78' lang='lat' dir='ltr'>veniali3&#39;quod.si-.in</span> <span class='ocrx_word' id='word_1_284' title='bbox 804 2873 903 2943; x_wconf 78' lang='lat' dir='ltr'>aliquo</span> <span class='ocrx_word' id='word_1_285' title='bbox 932 2873 1059 2930; x_wconf 74' lang='lat' dir='ltr'>iuter-ae</span> 
     </span>
     <span class='ocr_line' id='line_1_36' title="bbox 61 2950 1060 3026; baseline -0.004 -16"><span class='ocrx_word' id='word_1_286' title='bbox 61 2954 249 3022; x_wconf 75' lang='lat' dir='ltr'>dissentiant,</span> <span class='ocrx_word' id='word_1_287' title='bbox 278 2971 347 3026; x_wconf 80' lang='lat' dir='ltr'>pars</span> <span class='ocrx_word' id='word_1_288' title='bbox 366 2954 549 3024; x_wconf 85' lang='lat' dir='ltr'>probabilior</span> <span class='ocrx_word' id='word_1_289' title='bbox 570 2960 600 3008; x_wconf 83' lang='lat' dir='ltr'>et</span> <span class='ocrx_word' id='word_1_290' title='bbox 619 2954 721 3020; x_wconf 77' lang='lat' dir='ltr'>tutior,</span> <span class='ocrx_word' id='word_1_291' title='bbox 750 2959 807 3008; x_wconf 90' lang='lat' dir='ltr'>aut·</span> <span class='ocrx_word' id='word_1_292' title='bbox 827 2953 928 3008; x_wconf 85' lang='lat' dir='ltr'>saltem</span> <span class='ocrx_word' id='word_1_293' title='bbox 955 2950 1060 3022; x_wconf 64' lang='lat' dir='ltr'>probae</span> 
     </span>
     <span class='ocr_line' id='line_1_37' title="bbox 57 3033 589 3105; baseline -0.006 -15"><span class='ocrx_word' id='word_1_294' title='bbox 57 3035 128 3090; x_wconf 88' lang='lat' dir='ltr'>bilis</span> <span class='ocrx_word' id='word_1_295' title='bbox 151 3043 181 3089; x_wconf 79' lang='lat' dir='ltr'>st</span> <span class='ocrx_word' id='word_1_296' title='bbox 202 3041 265 3088; x_wconf 88' lang='lat' dir='ltr'>tuta</span> <span class='ocrx_word' id='word_1_297' title='bbox 286 3033 420 3105; x_wconf 83' lang='lat' dir='ltr'>eligenda</span> <span class='ocrx_word' id='word_1_298' title='bbox 440 3039 505 3093; x_wconf 54' lang='lat' dir='ltr'>esta</span> <span class='ocrx_word' id='word_1_299' title='bbox 587 3043 589 3050; x_wconf 81' lang='grc'>’</span> 
     </span>
    </p>

    <p class='ocr_par' dir='ltr' id='par_1_6' title="bbox 55 3110 1059 3584">
     <span class='ocr_line' id='line_1_38' title="bbox 117 3110 1059 3184; baseline -0.011 -12"><span class='ocrx_word' id='word_1_300' title='bbox 117 3113 345 3182; x_wconf 85' lang='lat' dir='ltr'>Observandum</span> <span class='ocrx_word' id='word_1_301' title='bbox 367 3111 394 3170; x_wconf 82' lang='lat'>2.</span> <span class='ocrx_word' id='word_1_302' title='bbox 416 3120 537 3182; x_wconf 79' lang='lat' dir='ltr'>peecata</span> <span class='ocrx_word' id='word_1_303' title='bbox 557 3110 708 3184; x_wconf 65' lang='lat' dir='ltr'>quasdam,</span> <span class='ocrx_word' id='word_1_304' title='bbox 732 3124 891 3181; x_wconf 33' lang='lat' dir='ltr'>sxa-genere</span> <span class='ocrx_word' id='word_1_305' title='bbox 913 3123 968 3164; x_wconf 76' lang='lat' dir='ltr'>suo.</span> <span class='ocrx_word' id='word_1_306' title='bbox 985 3123 1059 3164; x_wconf 61' lang='lat' dir='ltr'>mure</span> 
     </span>
     <span class='ocr_line' id='line_1_39' title="bbox 55 3184 1058 3264; baseline -0.005 -16"><span class='ocrx_word' id='word_1_307' title='bbox 55 3194 142 3262; x_wconf 86' lang='lat' dir='ltr'>talia,</span> <span class='ocrx_word' id='word_1_308' title='bbox 171 3207 257 3264; x_wconf 75' lang='lat' dir='ltr'>posse</span> <span class='ocrx_word' id='word_1_309' title='bbox 286 3191 404 3248; x_wconf 86' lang='lat' dir='ltr'>duobus</span> <span class='ocrx_word' id='word_1_310' title='bbox 427 3191 521 3249; x_wconf 89' lang='lat' dir='ltr'>modis</span> <span class='ocrx_word' id='word_1_311' title='bbox 550 3191 612 3245; x_wconf 87' lang='lat' dir='ltr'>lieri</span> <span class='ocrx_word' id='word_1_312' title='bbox 640 3191 783 3256; x_wconf 84' lang='lat' dir='ltr'>venialia,</span> <span class='ocrx_word' id='word_1_313' title='bbox 810 3189 923 3246; x_wconf 83' lang='lat' dir='ltr'>seilicet</span> <span class='ocrx_word' id='word_1_314' title='bbox 951 3184 1058 3244; x_wconf 14' lang='lat' dir='ltr'>aaltob</span> 
     </span>
     <span class='ocr_line' id='line_1_40' title="bbox 55 3263 1059 3339; baseline -0.009 -13"><span class='ocrx_word' id='word_1_315' title='bbox 55 3272 379 3338; x_wconf 77' lang='lat' dir='ltr'>levitatem‘materiaa,</span> <span class='ocrx_word' id='word_1_316' title='bbox 408 3272 456 3324; x_wconf 89' lang='lat' dir='ltr'>vel</span> <span class='ocrx_word' id='word_1_317' title='bbox 484 3269 522 3326; x_wconf 92' lang='lat' dir='ltr'>ob</span> <span class='ocrx_word' id='word_1_318' title='bbox 550 3271 798 3339; x_wconf 78' lang='lat' dir='ltr'>imperfectionem</span> <span class='ocrx_word' id='word_1_319' title='bbox 826 3273 914 3328; x_wconf 72' lang='lat' dir='ltr'>aetus.</span> <span class='ocrx_word' id='word_1_320' title='bbox 957 3263 1000 3318; x_wconf 87' lang='lat' dir='ltr'>Ita</span> <span class='ocrx_word' id='word_1_321' title='bbox 1017 3279 1059 3318; x_wconf 79' lang='lat' dir='ltr'>ex</span> 
     </span>
     <span class='ocr_line' id='line_1_41' title="bbox 58 3339 1057 3418; baseline -0.009 -12"><span class='ocrx_word' id='word_1_322' title='bbox 58 3353 207 3408; x_wconf 82' lang='lat' dir='ltr'>communi</span> <span class='ocrx_word' id='word_1_323' title='bbox 218 3351 378 3406; x_wconf 74' lang='lat' dir='ltr'>Doctorum</span> <span class='ocrx_word' id='word_1_324' title='bbox 394 3351 535 3406; x_wconf 86' lang='lat' dir='ltr'>sententia</span> <span class='ocrx_word' id='word_1_325' title='bbox 549 3348 695 3404; x_wconf 86' lang='lat' dir='ltr'>Navarrus</span> <span class='ocrx_word' id='word_1_326' title='bbox 710 3345 842 3418; x_wconf 80' lang='lat' dir='ltr'>praelud.</span> <span class='ocrx_word' id='word_1_327' title='bbox 865 3345 893 3401; x_wconf 80' lang='grc'>9.</span> <span class='ocrx_word' id='word_1_328' title='bbox 914 3359 992 3398; x_wconf 83' lang='lat' dir='ltr'>num.</span> <span class='ocrx_word' id='word_1_329' title='bbox 1011 3339 1057 3402; x_wconf 75' lang='lat' dir='ltr'>ta.</span> 
     </span>
     <span class='ocr_line' id='line_1_42' title="bbox 58 3421 1055 3504; baseline -0.013 -16"><span class='ocrx_word' id='word_1_330' title='bbox 58 3431 222 3504; x_wconf 82' lang='lat' dir='ltr'>Utrumque</span> <span class='ocrx_word' id='word_1_331' title='bbox 242 3433 320 3486; x_wconf 87' lang='lat' dir='ltr'>hune</span> <span class='ocrx_word' id='word_1_332' title='bbox 335 3429 458 3485; x_wconf 76' lang='lat' dir='ltr'>nouum</span> <span class='ocrx_word' id='word_1_333' title='bbox 480 3428 597 3502; x_wconf 75' lang='lat' dir='ltr'>attingit</span> <span class='ocrx_word' id='word_1_334' title='bbox 611 3428 638 3481; x_wconf 88' lang='lat' dir='ltr'>S.</span> <span class='ocrx_word' id='word_1_335' title='bbox 658 3423 838 3499; x_wconf 82' lang='lat' dir='ltr'>Augustinus</span> <span class='ocrx_word' id='word_1_336' title='bbox 860 3423 923 3478; x_wconf 70' lang='lat' dir='ltr'>lib...</span> <span class='ocrx_word' id='word_1_337' title='bbox 935 3423 970 3476; x_wconf 91' lang='lat' dir='ltr'>de</span> <span class='ocrx_word' id='word_1_338' title='bbox 991 3421 1055 3476; x_wconf 85' lang='lat' dir='ltr'>Nat.</span> 
     </span>
     <span class='ocr_line' id='line_1_43' title="bbox 59 3501 1058 3584; baseline -0.008 -18"><span class='ocrx_word' id='word_1_339' title='bbox 59 3519 84 3566; x_wconf 86' lang='lat' dir='ltr'>et</span> <span class='ocrx_word' id='word_1_340' title='bbox 96 3511 179 3568; x_wconf 82' lang='lat' dir='ltr'>Grat.</span> <span class='ocrx_word' id='word_1_341' title='bbox 196 3523 260 3584; x_wconf 81' lang='lat' dir='ltr'>cap.</span> <span class='ocrx_word' id='word_1_342' title='bbox 283 3509 330 3568; x_wconf 76' lang='lat'>88.</span> <span class='ocrx_word' id='word_1_343' title='bbox 350 3509 404 3566; x_wconf 92' lang='lat' dir='ltr'>ubi</span> <span class='ocrx_word' id='word_1_344' title='bbox 417 3507 550 3580; x_wconf 73' lang='lat' dir='ltr'>dejeretis</span> <span class='ocrx_word' id='word_1_345' title='bbox 564 3507 720 3564; x_wconf 83' lang='lat' dir='ltr'>venialiter</span> <span class='ocrx_word' id='word_1_346' title='bbox 732 3501 926 3576; x_wconf 74' lang='lat' dir='ltr'>peccantibus.</span> <span class='ocrx_word' id='word_1_347' title='bbox 935 3503 1058 3575; x_wconf 84' lang='lat' dir='ltr'>loquens</span> 
     </span>
    </p>
   </div>
   <div class='ocr_carea' id='block_1_3' title="bbox 0 0 1162 3866">
    <p class='ocr_par' dir='ltr' id='par_1_7' title="bbox 0 0 1162 3866">
     <span class='ocr_line' id='line_1_44' title="bbox 0 0 1162 3866; baseline 0 2"><span class='ocrx_word' id='word_1_348' title='bbox 0 0 1162 3866; x_wconf 95' lang='lat' dir='ltr'> </span> 
     </span>
    </p>
   </div>
  </div>
 </body>
</html>
