2348 3868
405 177 444 220 nn
462 173 671 222 immenasas.
977 156 1037 229 163

66 299 131 352 rttaa
154 299 310 368 neemiam,
339 299 373 352 de
401 315 453 368 qua
480 299 546 352 cttett
574 300 632 368 ipae
651 297 784 352 Dominae
813 297 947 363 ceratae,
977 309 1036 352 eam

65 379 147 442 tiarate,
168 379 212 448 qua'
231 377 310 431 ludet
323 387 499 447 patestatem,
526 386 551 431 ai
572 379 690 432 animam
710 385 735 432 et
756 395 852 448 coeptae
867 379 985 454 perdere
1005 379 1036 432 ia

63 459 196 526 velamen.

109 535 133 590 t.
172 537 241 590 (lum
262 535 351 606 igitur
372 544 482 592 constet
502 536 633 592 timorem
661 537 747 590 illum
767 551 828 592 esse
850 535 957 591 donum
978 533 1037 591 Dei·

64 630 89 669 ao
103 615 251 685 impulsum
267 616 399 686 Spiritus
411 616 515 682 saneti,
538 623 624 686 atque
641 631 677 672 ex
690 617 799 670 motivo
821 616 1036 686 supernaturali

63 694 158 748 divinae
177 693 261 748 Fidei
281 695 385 749 innixo
406 696 533 766 concipi,
554 696 624 750 hine
637 696 769 766 sequitur
790 709 850 750 esse
870 695 979 750 bonum
999 704 1036 750 ae

62 774 200 840 salutarem,
221 773 404 845 proindeque
419 777 605 842 attritionem,
628 791 701 846 quae
721 791 759 830 ex
777 775 832 830 illo
853 775 953 841 oritur,
974 787 1034 827 non

64 867 111 908 esse
131 855 259 908 vitiosam
288 861 316 908 et
336 855 458 920 malam,
490 854 542 910 sed
569 854 675 910 bonam
703 851 732 908 et
758 855 926 922 honestam3
958 853 1036 924 quae'

65 933 135 986 oritur
151 932 265 1002 quidem
287 947 323 987 ex
344 949 440 992 amore
461 935 518 1000 ani,
539 933 593 988 sed
609 933 682 991 bene
703 933 847 1002 ordinato,
868 947 927 1004 quo
947 931 1035 986 nimi-

67 1027 115 1065 rum
129 1011 282 1067 seeundum
300 1021 413 1068 rectam·
437 1015 577 1070 rationem
605 1021 633 1068 et
654 1012 771 1068 divinae
798 1013 870 1086 legis
891 1012 1034 1084 praeseri-

66 1097 126 1158 pun
154 1091 310 1163 refugimus
346 1092 560 1154 damnationem
595 1099 623 1146 et
655 1099 775 1148 mortem
810 1099 973 1161 aeternam3
1005 1097 1035 1146 et

65 1171 168 1238 quanvis
188 1187 317 1226 amorem
337 1173 392 1230 Dei
414 1172 571 1242 perfeetum
596 1173 627 1226 iu
650 1187 680 1226 se
699 1183 757 1226 non
778 1171 926 1244 includat,
947 1171 1034 1224 illum

62 1254 136 1302 tamen
154 1267 219 1306 nou,
232 1251 379 1319 excludit,
404 1267 457 1306 nee
477 1251 526 1306 illi
546 1251 609 1306 ullo
629 1251 715 1305 modo
737 1250 923 1306 adversatur:
955 1249 1034 1304 unde

65 1330 164 1398 seqnitur
184 1332 362 1388 attritionem
390 1331 474 1386 illam
502 1345 563 1386 esee
592 1331 784 1385 sufficientem
813 1329 1034 1399 dispositionem

67 1406 93 1460 ai
106 1408 313 1466 Sacramentum
335 1410 532 1468 Poenitentiae
554 1409 651 1464 debite
672 1409 899 1479 suscipiendum.
927 1439 931 1445 -

105 1487 217 1544 [astabit
236 1490 356 1560 aliquis,
382 1490 560 1544 attritionem
575 1499 619 1547 ‘ex
638 1490 701 1544 sola
722 1489 870 1561 gehennae
891 1495 968 1544 metu
988 1501 1034 1542 or-

65 1570 112 1633 tam,
128 1583 176 1622 neo
194 1570 364 1636 nonedam,
385 1585 439 1624 nee
459 1569 565 1626 bonam
589 1569 736 1622 moraliter
757 1583 817 1622 esse
838 1583 940 1639 posse,
965 1579 1033 1621 oum

62 1644 89 1696 sit
104 1646 190 1702 odium
213 1663 275 1703 uon
296 1649 423 1719 peceati,
452 1648 503 1702 sed
530 1661 655 1719 poenae,
684 1649 725 1702 ita
749 1656 781 1702 ut
802 1648 828 1701 si
854 1649 938 1702 nulla
959 1644 1035 1702 esaei

60 1737 133 1791 poena
143 1736 260 1796 peceato
276 1729 423 1798 imposita,
437 1730 521 1782 nulla
534 1735 609 1782 esset
620 1741 738 1798 quoque
747 1727 859 1797 peceati
871 1727 1030 1784 detestatio.

104 1806 145 1860 Ad
164 1809 338 1864 solutionem
352 1807 446 1879 'hujus
458 1823 461 1828 ·
473 1807 628 1862 instantiae
656 1807 870 1862 observandum
892 1817 950 1874 est,
980 1805 1039 1860 dur-t

60 1882 144 1948 plicent
173 1903 197 1939 a·
219 1888 377 1960 Theologis
409 1887 549 1958 distingui
579 1887 712 1941 timorem
744 1889 897 1942 servilem:
932 1899 1033 1952 unum,

62 1974 127 2029 quam
144 1975 247 2020 vooant
261 1968 407 2022 serviliter
427 1968 571 2032 servilem,
592 1967 624 2020 in
640 1979 696 2036 quo
717 1972 778 2021 tete
794 1968 867 2021 ratio
882 1973 941 2020 tam
961 1966 1033 2019 lina-

61 2038 96 2107 lis,
114 2058 191 2114 quam
211 2047 372 2116 impulsiva
392 2046 513 2104 dolendi
534 2045 570 2104 de
590 2051 718 2115 peceato,
740 2053 790 2100 aut
809 2045 921 2100 ab‘illo
943 2043 1040 2098 absti·=

61 2122 144 2190 uendi,
168 2132 209 2179 est
230 2129 302 2197 iuga
322 2126 468 2180 etodium
488 2125 582 2195 ipsius
602 2140 733 2194 poenaea
764 2125 806 2178 ita
826 2131 858 2178 ut
879 2123 945 2194 quis
964 2135 1040 2192 pen-⁸

64 2207 135 2256 tatum
154 2205 245 2276 fugiat
273 2205 454 2260 solummodo
482 2205 519 2260 ob
540 2220 677 2274 poenam,
708 2219 793 2274 quam
821 2203 929 2258 evitare
950 2201 1032 2271 eupit

63 2275 178 2352 luemque
197 2301 282 2342 suum
297 2286 396 2356 'quasi
415 2285 550 2340 ultimum
577 2285 609 2337 in
630 2284 713 2340 illius
734 2297 845 2352 poenae
874 2283 943 2354 iuga
964 2295 1032 2336 eon-

63 2358 154 2428 rtituat3
184 2365 305 2418 alterum
336 2379 417 2430 vero,
450 2379 534 2434 quem
562 2371 667 2418 vocant
695 2363 827 2418 timorem
859 2361 1032 2434 simplieiter

64 2439 184 2510 servilem,
211 2445 245 2497 in
274 2459 330 2514 quo
357 2458 467 2514 poenae
496 2443 595 2498 odium
621 2444 763 2512 illiusque
789 2443 857 2512 fuga
880 2439 1032 2497 hominia

62 2525 155 2580 vareno
179 2524 357 2588 voluntatem
387 2538 468 2576 suam
490 2523 632 2577 avertenti
658 2537 717 2576 non
745 2529 788 2576 est
810 2521 931 2576 ultimus
952 2518 1041 2584 tinist'

64 2594 101 2648 ttd
123 2605 237 2668 tantum„
253 2604 423 2672 proximus:
459 2602 501 2655 ita
526 2609 644 2657 utnon
676 2603 758 2654 sistat
785 2616 814 2655 se
841 2601 872 2654 in
901 2593 1031 2668 simplini

63 2670 113 2743 luge
123 2691 477 2746 poenarumaeternarum,
497 2681 550 2735 aed
565 2682 643 2736 hunc
656 2680 775 2734 illarum
789 2687 906 2746 metum,
929 2679 1041 2732 saltem

65 2751 196 2814 virtualiter
216 2769 246 2816 et
265 2761 499 2831 interpretativa,
528 2759 566 2814 ad
594 2767 728 2815 aeternae
754 2759 831 2812 vitae
853 2758 1031 2814 desiderium

68 2835 205 2894 donarem
227 2841 283 2895 Dei
311 2841 509 2910 imperfectum
533 2839 655 2895 referat:
691 2844 832 2908 qnatenus
860 2840 972 2894 scilieet
989 2849 1029 2892 ex

66 2907 106 2962 tali
121 2925 183 2972 netu
203 2928 335 2976 movetur
357 2919 394 2974 ad
417 2918 573 2974 dolendum
604 2919 638 2973 de
663 2925 798 2987 peccato,
827 2920 875 2973 vel
894 2918 935 2974 ad
954 2917 1029 2976 bene

65 2996 225 3066 ⁰ltrartun,
253 3007 314 3054 tum
335 3015 372 3053 ne
392 3012 516 3067 poenam
536 2998 619 3052 illam
641 3005 786 3052 aeternam
806 3000 946 3068 patiatur,
967 3003 1029 3051 tum

63 3067 128 3155 etiam
151 3092 181 3132 ne
208 3079 289 3134 bono
317 3087 434 3134 aeterno
461 3079 593 3148 privetur
613 3078 763 3147 Deumque
789 3071 847 3132 sim
874 3079 980 3132 iratum
1001 3080 1029 3128 et

65 3148 179 3210 infensum
197 3158 318 3226 habeat,
339 3161 371 3214 in
394 3173 451 3226 qno
472 3154 641 3226 praesertim
663 3152 758 3212 differt
778 3158 921 3212 atimore
940 3153 1029 3208 servi·

65 3221 113 3281 liter
129 3239 234 3306 servili,
263 3238 314 3310 qni
335 3238 411 3292 nihil
439 3235 619 3308 prorsusne
641 3236 701 3290 Deo
729 3235 868 3306 illiusque
889 3233 1028 3288 fruitione

68 3315 131 3363 tutat.
163 3315 212 3371 Est
229 3319 317 3372 etiam
340 3317 398 3371 alia
419 3318 494 3370 inter
512 3313 667 3386 utrum-que
688 3316 773 3377 illurn
795 3317 924 3373 timorem
947 3311 1028 3365 diffe-

71 3389 150 3474 tuda,
168 3411 249 3466 quem
270 3395 361 3452 tradit
381 3396 575 3450 Bellarminus
596 3395 649 3448 lib.
671 3394 699 3450 2.
723 3394 757 3449 de
778 3393 890 3448 Poenit.
913 3409 975 3464 cap.
996 3391 1029 3445 St

71 3467 173 3527 unitum
193 3477 270 3547 quod
290 3476 386 3532 metus
403 3476 549 3532 serviliter
575 3474 690 3528 servilis
711 3471 893 3527 solummodo
913 3469 1028 3542 peceati

75 3551 230 3615 titutionem
251 3557 460 3618 annectionem
479 3550 641 3624 impediat3
674 3551 759 3606 timor
772 3565 841 3687 vvirr10
849 3549 1027 3653 *simpliciter
