2348 3868
369 131 407 176 DE
434 129 639 174 lucilatuum.

305 319 586 389 SECTIO
641 319 701 386 lx.

45 447 193 520 solvuntur
204 443 484 576 qmmssfflt
494 446 778 576 ffiffitrlnam
788 451 999 520 praecedenti

87 646 107 704 1.
143 645 266 704 Primum
287 655 345 716 est,
374 655 471 704 utrum
498 649 661 704 amentibus
689 649 847 720 baptisatis
874 649 999 706 admini-

43 727 134 782 stranda
151 729 187 782 sit
205 729 397 783 Eucharistia.
436 726 604 799 Respondet
624 729 652 784 S.
674 728 782 784 Doctor
803 741 830 801 q.
852 728 900 784 80.
922 747 947 784 a.
969 730 999 786 9.

42 822 91 862 cnm
107 806 294 874 distinction03
316 809 366 862 vel
387 807 464 862 enim
485 823 601 878 sempor
619 815 773 864 caruerunt
792 825 847 866 usu
867 809 997 878 rationis,

41 885 168 956 ettiliano,
182 887 263 954 dicit,
280 888 495 943 Sacramentum
504 888 559 944 hoc
573 901 631 944 non
646 901 708 946 esse
719 889 998 957 administrandum

42 965 139 1021 reiron
156 981 266 1037 semper
287 974 458 1036 caruerunt,
491 975 519 1022 et
539 973 608 1022 tunc
634 968 659 1023 si
685 968 784 1038 prius,
813 984 878 1022 cum
906 975 1000 1024 essent
1026 1003 1029 1012 ·

45 1046 135 1099 rationis
152 1055 306 1117 compotes,
327 1047 464 1117 apparuit
484 1047 515 1100 in
536 1048 578 1102 eis
591 1046 771 1102 sacramenti
791 1047 878 1118 hujus
899 1049 1000 1119 aliqua

45 1121 137 1192 devotio,
155 1126 238 1182 debet
257 1127 336 1196 ipsis
355 1127 386 1182 ln
408 1127 531 1182 articulo
551 1127 659 1180 mortis
672 1126 805 1182 exhiberi
828 1125 872 1198 (ut
887 1126 999 1184 ibidem

43 1200 105 1256 docet
133 1207 335 1276 confirmatque
374 1205 546 1260 authoritate
578 1207 704 1260 Concilii
735 1207 763 1260 d.
794 1207 998 1278 Carthaginem

44 1295 89 1334 can.
106 1281 155 1354 tt.)
173 1285 231 1340 nisi
253 1286 329 1340 forto
350 1286 484 1340 timeatur
503 1283 667 1356 perieulum
687 1285 812 1340 vomitus
830 1285 876 1340 vel
898 1287 1000 1356 expui·

44 1360 115 1414 iouh.
137 1363 172 1418 lis
192 1372 300 1431 antem,
324 1365 452 1434 quinon
474 1365 591 1422 omnino
613 1371 738 1421 amentes
753 1371 829 1431 sunt,
852 1364 902 1421 sed
917 1363 999 1422 dehis¹

42 1437 86 1492 len
101 1449 192 1501 tutan
205 1443 319 1499 habent
333 1443 453 1500 sationis
467 1460 562 1511 usum,
584 1459 642 1499 non
657 1451 700 1498 est
713 1445 768 1499 hoo
783 1444 1000 1503 Sacramentum

43 1520 129 1576 onrioo
147 1522 367 1595 denegandum,
395 1523 447 1578 sed
473 1539 527 1593 pro
548 1524 659 1578 ratione
680 1523 881 1594 dispositionis
903 1531 931 1580 et
951 1523 1000 1578 du

41 1599 135 1656 rodonis
153 1601 424 1658 administrandum.

82 1677 104 1731 l.
138 1681 301 1738 Secundum
322 1689 375 1750 est,
396 1697 453 1752 qua
474 1689 565 1738 aetate
585 1682 684 1751 pueris
705 1681 922 1740 Sacramentum
942 1683 1000 1739 hoc

41 1754 201 1816 administrari
240 1753 368 1816 debeat?
412 1761 630 1831 Respondetun,
661 1762 737 1816 nihil
765 1777 851 1834 super
880 1763 937 1818 hac
967 1778 999 1818 rs

40 1841 162 1904 generatim
182 1839 317 1910 definiri,
345 1840 395 1896 sed
425 1841 565 1912 cujusque
592 1841 678 1911 pueri
697 1840 827 1896 indolem
848 1857 909 1896 esse
931 1857 999 1896 cons

40 1913 199 1986 siderandum,
220 1921 252 1974 in
270 1919 338 1975 aliis
352 1920 498 1992 siquidem
512 1920 634 1990 tardius,
649 1922 678 1975 in
695 1921 762 1975 aliis
778 1921 862 1977 citius
877 1921 999 1978 rationis

39 2007 88 2048 urs
104 2000 239 2067 exoritur3
270 2014 364 2070 neque
392 2007 486 2054 muron
508 2001 681 2071 requiritur,
709 2007 742 2054 ut
761 2015 834 2070 puer
853 2000 942 2070 pleno
965 2015 1001 2056 ao

39 2075 137 2138 perlecto
153 2077 268 2149 judicio
287 2080 413 2149 polleat,
443 2078 493 2136 sed
514 2081 662 2146 essisset,
689 2078 847 2135 secundum
874 2087 999 2150 mentem

39 2150 57 2203 i.
70 2153 136 2211 Doct.
155 2173 217 2228 sup.
240 2160 272 2214 in
294 2165 414 2228 respect.
436 2159 475 2212 sd
491 2159 518 2214 3.
541 2159 679 2213 attalem
701 2175 785 2214 usum
805 2158 926 2214 rationis
947 2159 999 2213 ha·

38 2225 218 2307 hereincipist,
240 2254 299 2309 quo
313 2239 406 2307 possit
421 2245 516 2294 actum
528 2237 615 2293 Fidei
629 2239 706 2296 circa
719 2239 774 2294 hoc
785 2236 1000 2294 Sacramentum

39 2309 125 2381 elicere,
145 2324 170 2370 et
190 2317 327 2374 devotum
349 2317 477 2387 aliquem
499 2319 630 2374 affectum
650 2319 729 2373 circa
744 2315 822 2372 illud
836 2317 998 2386 concipere.

80 2391 153 2448 Unde
172 2396 299 2467 graviter
319 2397 477 2467 aliquando
498 2404 621 2467 peccant
641 2403 789 2468 parentes,
805 2397 949 2450 *Pastoras
971 2399 1000 2450 ot

40 2466 190 2542 tortuosis,
213 2476 265 2546 qul
279 2491 319 2530 ex
330 2477 582 2546 incurlaprimam
596 2491 751 2546 puerorum
766 2475 1000 2532 communionem

39 2547 104 2604 rimis
122 2551 168 2608 din
190 2553 337 2622 differant,
359 2570 432 2625 quos
454 2556 482 2610 S.
497 2555 665 2612 Franciscns
680 2556 816 2622 salesius,
836 2555 1000 2626 Episcopus

40 2623 223 2701 troarnensis,
245 2636 277 2688 in
300 2635 365 2704 ipso
387 2636 506 2690 rationis
528 2635 697 2705 crepusculo
719 2635 755 2688 od
778 2633 920 2690 Christum
942 2633 1000 2694 Do.-

38 2703 124 2764 miouro
141 2713 257 2769 volebat
276 2715 308 2768 in
330 2712 416 2784 hujus
437 2715 613 2771 §aeramenti
634 2715 858 2785 participatione
883 2713 999 2782 adduci,

38 2791 63 2836 ut
79 2786 145 2844 iliius
164 2793 263 2864 gratiis
284 2793 400 2849 irrorati
421 2799 557 2863 tanquam
579 2794 713 2848 novellae
734 2793 877 2849 olivarum
898 2794 929 2848 in
944 2795 1001 2848 cir·

40 2863 104 2920 cuitu
120 2883 223 2928 mensae
244 2873 364 2930 Domini
385 2871 599 2940 adolescerent,
625 2884 715 2942 eoque
744 2874 923 2928 confortante
949 2873 1001 2928 ha·

40 2944 173 3009 ptlsntlem
192 2953 391 3008 innocentiam
413 2953 528 3008 felicius
550 2960 578 3006 ct
598 2952 777 3028 constantius
799 2951 999 3009 custodirent¹¹

86 3023 109 3076 3.
145 3028 271 3086 'lentium
290 3039 342 3098 est,
364 3038 460 3085 utrum
475 3033 530 3086 reis
546 3032 582 3085 ad
596 3039 715 3087 mortem
731 3029 874 3088 damnatis
887 3031 1001 3086 Eucha-

41 3099 105 3156 ristia
121 3105 192 3163 licite
214 3109 351 3182 denegari
374 3105 486 3180 possiti
528 3109 729 3180 Respondetur
756 3127 820 3166 cum
842 3109 1000 3166 isemberto

43 3177 71 3230 td
87 3197 128 3251 qu.
144 3186 188 3242 80.
207 3189 282 3262 disp.
299 3191 325 3244 4.
348 3189 509 3245 Ecclesiam
524 3205 608 3260 posse
623 3189 745 3260 speciali
759 3191 859 3260 aliquo
875 3189 1002 3258 decreto,

43 3259 78 3310 rel
96 3266 191 3322 ratione
205 3269 329 3342 alicujus
343 3269 574 3339 consuetudinis,
594 3267 736 3342 ejusmodi
752 3285 813 3326 reos
829 3268 1001 3340 adfmortem

47 3333 166 3400 damnatos
196 3349 398 3403 sacramentali
425 3343 625 3403 Eucharistiae
659 3350 844 3418 perceptione
878 3345 1001 3418 privari,

49 3418 105 3482 illd
121 3429 281 3492 praesertim
294 3427 408 3499 probat
428 3443 527 3495 exeo,
550 3429 629 3500 quod
642 3427 775 3486 Ecclesia
795 3427 866 3484 olim
886 3427 918 3482 in
940 3427 1004 3496 qui-

50 3487 143 3560 budam
170 3506 307 3567 Conciliia
336 3523 370 3562 ao
397 3507 569 3565 nominatim
600 3509 631 3562 in
660 3505 792 3577 Concilio
819 3504 1003 3562 Eliberitono
