2360 3862
434 106 697 152 uncorsrrrrtru.
1017 90 1078 160 isc

76 225 193 292 unstrot,
217 227 261 292 its
281 231 315 284 ut
336 221 478 284 Samrdos‘
494 227 541 286 sic
558 231 709 282 pronatus
726 239 781 282 nec
800 227 881 284 licitc
895 244 955 286 neo
975 229 1077 288 valide

72 305 163 376 possit
184 305 389 360 Poenitentiac
408 307 626 360 Scerancutum
646 306 819 364 ministrare.

131 383 277 450 Quartum
307 383 362 453 ert,
390 385 482 458 quod·
496 386 630 456 quumvis
659 401 696 440 ex
723 399 811 456 supra
835 388 927 442 reletc
948 389 1076 450 Consilii

72 464 187 520 decreto
221 464 398 536 approbatio
428 465 592 538 requiratur
624 463 663 521 ad
693 464 852 526 audiendus
882 468 1075 524 confessiones

69 539 284 611 saecularium,
311 545 398 600 eiiam
420 544 621 612 Sacerdotem,
650 545 842 600 nihilominus
867 545 900 600 iu
927 547 1075 620 plerisque

69 623 189 678 Gallice
217 623 294 678 loeis
322 625 414 680 solere
439 622 608 680 Sacerdotes
636 625 723 679 etism
751 623 870 681 minime
898 625 1076 697 approbatos

67 705 197 759 aliorum
227 703 414 774 Sacerdotem
439 705 638 778 consessiones
665 705 817 776 excipere:
851 704 929 775 quod
956 706 1076 776 quidem

68 783 171 838 valido
192 798 231 840 sc
251 783 333 838 licite
361 782 399 838 ab
424 785 496 854 ipsis
518 785 582 839 fieri
608 783 694 838 dccet
721 791 749 839 et
776 784 882 854 probet
900 784 1078 840 Isambertus

69 877 170 934 supra,
192 859 255 916 uc’n
276 863 308 916 vi
329 863 453 935 alicujus
475 862 709 930 consuetudinis,
733 865 781 919 cui
802 877 935 934 cupresso
957 863 1077 936 deroget

70 942 251 1006 concilium,
275 941 325 998 sed
346 959 383 997 ex
404 944 491 997 tccito
514 941 655 998 cousousu
675 941 903 1014 Episcoporum,
925 945 996 1016 qui,¹
1009 955 1076 1002 curu

70 1021 165 1093 probe
185 1023 333 1076 noverint*
346 1022 513 1078 Sacerdotes
541 1023 667 1077 invicem
694 1022 753 1076 sibi
773 1024 829 1078 irco
851 1025 1076 1092 Sacramentum,

65 1103 157 1156 nulls
176 1102 298 1158 obtento
319 1102 544 1172 approbetiono,
566 1102 745 1169 ministrare,
767 1110 937 1158 neetcmcn
957 1103 989 1158 id
1009 1119 1078 1174 pro·

61 1182 203 1248 biberent,
228 1189 384 1236 censentur
404 1181 579 1236 tacite-illos
601 1179 696 1252 quoad
717 1182 774 1237 hoc
794 1181 965 1255 approbare.
1063 1195 1066 1202 ⁴

130 1261 277 1330 Quintum
308 1267 364 1328 est,
398 1275 597 1332 quemcunque
626 1261 825 1328 Sacerdotem,
856 1261 991 1332 quemvis
1021 1273 1077 1321 nec

62 1339 254 1411 approbatus
286 1341 339 1407 sit,
371 1355 423 1394 uec
455 1341 545 1395 ullam
577 1340 708 1396 obtineat
733 1339 983 1411 jurisdictionem,
1015 1339 1080 1398 ino
1130 1397 1133 1403 ,

62 1421 187 1475 etismsi
211 1421 487 1488 excommunicatus,
509 1435 680 1490 suspensus,
703 1418 885 1492 degradatus,
907 1427 957 1475 aut
977 1421 1078 1475 hansa

67 1503 147 1556 ricus
168 1501 229 1554 sit:
262 1513 348 1569 posse
368 1499 646 1574 tamen-'quemlihet
665 1502 863 1568 poenitentem
884 1516 901 1554 c
922 1497 1078 1571 quibusvis

64 1581 203 1650 perenis
233 1585 262 1632 et
288 1580 416 1633 censuris
448 1579 478 1633 iu
510 1580 634 1635 articulo
664 1580 765 1637 mortis
793 1579 977 1648 absolverc3·
995 1577 1085 1652 quod·

63 1673 213 1730 expresse
241 1657 400 1712 declaravit
422 1657 812 1714 Concilinmelridcntinuru
840 1675 908 1716 sess.
932 1659 978 1714 tc.
1000 1674 1024 1714 c.
1048 1659 1078 1714 la
1161 1688 1165 1697 ··

63 1739 125 1794 Per
147 1739 306 1792 articulum
328 1753 396 1793 vero
410 1739 519 1804 mortis,
541 1740 627 1794 etiam
648 1738 730 1792 illius
744 1737 900 1814 probabile
913 1739 1076 1814 periculum

64 1817 269 1874 communiter
280 1815 425 1889 il'lreoiogi
440 1819 617 1890 intelligunt,
640 1819 726 1888 qualo
741 1825 783 1872 est
797 1834 904 1887 eorum,
925 1821 977 1890 qui
992 1833 1077 1890 praee

63 1899 144 1953 lium
167 1906 222 1952 act
246 1899 440 1967 periculosam
468 1898 682 1969 nauigationem
710 1899 842 1968 proximo
870 1897 1076 1966 suntinituri,

63 1985 98 2032 ut
128 1976 237 2031 ridere
255 1982 306 2030 ‘est
332 1977 410 2046 apud
431 1977 551 2032 suarem
579 1985 648 2032 tom.
677 1977 704 2032 3.
732 1977 807 2047 disp.
826 1977 877 2032 69.
907 1985 975 2036 sect.
996 1977 1077 2034 liet

65 2065 139 2112 tom.
162 2056 192 2110 4.
218 2055 294 2125 disp.
322 2053 368 2110 26.
397 2063 464 2112 sect.
487 2057 507 2112 4
528 2065 556 2112 ct
577 2059 604 2112 5.
631 2055 708 2126 disp.
730 2056 777 2111 30.
808 2065 875 2110 sect.
897 2056 925 2111 3.
948 2064 977 2111 et
995 2062 1078 2128 petet

68 2151 106 2191 ex
130 2143 199 2206 cap·
220 2135 291 2200 Eos,
321 2132 357 2193 ds
385 2143 456 2191 seut.
487 2148 626 2191 excomm.
667 2137 753 2190 Haec
772 2141 815 2190 cet
840 2142 937 2192 auteur
963 2137 996 2188 in
1021 2135 1076 2190 tali

67 2231 140 2271 casu
175 2213 349 2270 dudereutia-
370 2211 566 2282 observando,
602 2215 679 2286 quod
708 2214 847 2270 Sacerdos
878 2215 1031 2270 illumne
1059 2211 1101 2270 tt'

68 2295 233 2366 quibusvis
260 2296 402 2365 peccetis,
424 2291 520 2366 setium
545 2297 702 2350 reservstis
734 2293 843 2348 directo
873 2295 1077 2362 absolvers·
1170 2331 1171 2334 η

70 2376 208 2430 censuris
230 2390 297 2429 vero
318 2375 435 2430 nonnisi
457 2373 510 2428 sub
532 2389 566 2429 ea
587 2372 841 2440 conditionesut-
854 2374 953 2444 elapso
974 2374 1078 2428 mortis

68 2455 209 2524 periculo
228 2455 379 2524 poenitens
402 2469 432 2508 se
454 2469 549 2510 coram
572 2455 726 2523 Superiores
746 2454 837 2519 sistat,
862 2453 894 2506 id
916 2452 995 2523 quod
1016 2451 1077 2510 sibi
1106 2521 1111 2528 ἱ

72 2534 110 2588 ab
132 2535 191 2588 illc
211 2533 380 2606 injungetur
401 2531 605 2602 praestiturus,
627 2541 660 2588 ut
680 2533 767 2588 citato
790 2547 854 2603 cap.
877 2531 1049 2586 declaratur.
1069 2563 1071 2568 -

133 2615 164 2666 4.
208 2613 304 2667 Potest
332 2614 417 2666 etiam
443 2613 584 2668 Sacerdos
613 2625 671 2667 non
700 2611 877 2683 approbatus
904 2627 923 2667 a
947 2611 1080 2682 peccetis

70 2692 250 2749 mortslibus
272 2693 345 2745 clius
367 2693 504 2746 confessis
526 2701 553 2746 et
574 2693 710 2757 remissis,
734 2699 799 2746 eta
820 2691 974 2762 quibusvis
994 2692 1079 2750 veni«.

75 2771 184 2838 alibus,
199 2771 361 2843 quemlibet
375 2770 793 2838 sacramentaliter..absolvere,
810 2769 965 2826 dummodo
981 2779 1083 2828 tamon·

77 2865 138 2904 non
165 2851 203 2906 sit
231 2851 510 2918 excommunicatus,
540 2857 590 2905 aut
617 2850 685 2904 alio·
701 2850 909 2920 impedimento
936 2851 1080 2908 cuuouicc

74 2932 188 2986 notorie
209 2929 380 2997 obstrictus,
408 2939 442 2985 ut
461 2931 567 2985 docent
585 2928 745 2997 Vivuldus,
776 2929 941 3001 Pescntics,
964 2931 1077 2998 Senes,

72 3009 254 3080 Heudonos,
283 3007 463 3088 Regiualdus
492 3015 521 3064 et
549 3009 601 3066 elii
634 3008 713 3078 apud
741 3009 914 3065 Benaciucur
943 3011 1018 3081 disp.
1048 3011 1079 3064 {re
1116 3001 1118 3008 '

72 3096 187 3160 quaest.
211 3090 238 3142 7.
260 3089 297 3142 dc
319 3090 443 3144 Sucrcm'.
466 3089 575 3144 Poenis
606 3096 705 3158 punct.
726 3087 755 3143 i.
779 3091 842 3145 sive
867 3090 900 3144 id
927 3090 1079 3158 possit‘cx

71 3171 105 3224 ri
128 3167 326 3225 ordinationis
347 3184 425 3233 suae,
447 3170 509 3226 sire
528 3185 564 3223 ex
579 3169 788 3223 consuetudinc
807 3169 854 3223 vel
875 3169 963 3222 tacita
978 3165 1081 3222 Eccle-

73 3249 135 3304 siae
163 3248 366 3319 concessione,
399 3249 461 3303 sive
488 3265 525 3302 cx
552 3264 585 3302 eo
615 3248 694 3319 quod
720 3249 886 3317 poenitens,
919 3245 1016 3316 quood
1044 3259 1079 3300 cs

73 3334 198 3399 peccata
220 3343 250 3381 se
272 3328 299 3380 ei
323 3327 452 3398 subjicit,
475 3343 548 3398 quae
569 3327 703 3382 clavibus
717 3327 866 3382 Ecclesiae
884 3341 946 3380 non
967 3331 1086 3380 tenetur
1122 3369 1123 3372 .

76 3407 243 3482 subjicerer
278 3422 350 3478 quae
372 3407 450 3477 epud
472 3409 574 3462 citatos
596 3407 733 3462 authores
746 3407 847 3459 iusius
866 3405 1078 3474 explicantur«

132 3485 287 3554 Addimus
310 3502 326 3542 e
348 3485 449 3542 Toleto
470 3487 524 3540 lib.
546 3485 573 3542 3.
597 3501 660 3556 cap.
684 3484 731 3540 ts.
760 3499 845 3554 posse
875 3485 990 3555 quoquc
1010 3471 1085 3554 Epi»
1171 3501 1172 3504 ¹
