2348 3868
354 175 393 220 ns
416 173 577 220 sacnurcro
595 173 711 220 nissen
967 157 1032 226 toti

72 296 174 362 oblati03
193 294 344 350 sedeciam
359 309 418 352 non
432 295 573 362 euincere,
593 295 705 350 deiectu
721 295 809 350 realis
821 296 1032 352 immutationis

71 377 93 428 in
104 376 227 430 caedicio
242 377 412 445 requisitam
434 375 615 444 proindeque
629 374 667 428 ed
681 375 821 428 rationem
837 378 1032 432 sternentium

70 455 137 525 hujus
154 451 281 509 sacnticii
302 456 447 524 pertinere
468 467 583 525 quoque
604 453 768 508 Sacerdotis
789 456 1031 524 communionum,

70 549 109 602 per
126 549 201 604 quum
222 533 306 605 hujus
328 535 468 589 sacrificii
489 535 637 588 victimam
657 535 688 587 in
710 533 846 588 honorem
862 535 917 588 Dei
939 535 1033 592 veluti

69 613 199 668 destruitur
217 622 302 684 etque
322 615 515 679 consumitur,
544 614 575 668 in
598 621 737 683 quantum
758 627 811 682 per
829 613 912 668 illam
935 616 1032 670 Sacer·

69 692 126 746 dotis
145 694 367 748 communionem
390 707 495 762 eorpus
517 699 544 745 ot
566 693 684 763 sanguis
706 692 813 746 Christi
841 692 895 747 sub
923 695 1033 763 specie·

68 771 109 825 bns
126 772 373 828 scemmentslibus
395 787 456 827 esse
478 771 594 826 desinit.

114 851 189 923 Cujus
210 852 369 907 sententiae
390 859 543 906 assumeres
565 859 633 905 sunt
653 851 758 917 Canus,
782 851 901 919 Scotua,
922 851 1034 906 Baiter«

72 930 141 984 uinus
159 938 184 986 et
202 931 264 1001 alii,
287 930 396 1002 quibus
418 929 576 986 subscribit
598 929 773 984 isembertus
794 930 832 984 ad
853 939 963 1002 quaest.
981 929 1031 988 8³.

74 1009 127 1078 disp.
142 1009 166 1065 3.
186 1020 238 1065 art
259 1010 289 1065 4.
313 1011 364 1081 qui
386 1012 472 1065 etiam
493 1025 546 1078 pro
567 1011 700 1064 oscitat
720 1009 749 1064 S.
772 1010 925 1066 Ductorem
951 1027 1034 1082 pree·

74 1088 125 1142 ictae
146 1091 320 1159 quaestionis
348 1099 400 1144 art.
423 1088 452 1142 2.
480 1099 507 1142 et
535 1089 724 1144 fundamenta
750 1089 833 1144 illius
865 1092 1033 1160 posterioris

71 1169 195 1224 sententiae
215 1170 378 1240 praecipua
399 1175 465 1222 sunt
484 1170 572 1224 haec:

113 1248 236 1315 Primum
259 1249 340 1320 quod
363 1248 494 1302 Christus
517 1247 658 1304 Dominus
678 1247 854 1304 sacrificium
876 1248 933 1303 hoc
951 1248 1036 1304 insti·

73 1332 131 1380 lucus
154 1327 239 1384 simul
267 1336 296 1382 et
318 1329 438 1382 offerens
459 1328 535 1382 dixit
555 1326 598 1398 (S.
620 1329 691 1382 Luc.
713 1325 761 1381 22.
783 1334 811 1382 et
833 1326 859 1381 i.
882 1327 947 1382 Cur.
972 1326 1035 1399 ii.)

73 1405 112 1458 lica
126 1417 159 1462 eet
177 1425 275 1478 carpas
296 1425 390 1471 meam,
412 1410 484 1478 qaod
499 1425 553 1478 pru
573 1408 649 1460 cobis
671 1409 759 1471 datm,
774 1407 927 1478 sramqitar,
946 1405 1034 1478 juxta

73 1483 175 1540 diaetam
204 1487 378 1553 editionem,
410 1493 439 1542 et
464 1487 500 1540 de
528 1487 618 1541 calice
648 1487 799 1558 sanguinis
828 1487 889 1541 sui:
918 1489 965 1558 qui
980 1501 1035 1557 pro

69 1565 121 1618 colb
132 1567 257 1636 funditur
278 1569 311 1620 im
323 1567 507 1620 remissionem
515 1574 705 1636 peccator-scm
726 1579 800 1636 quae
814 1564 932 1636 quidem
947 1566 1037 1621 verba

67 1641 93 1695 de
109 1645 236 1701 fractione
258 1655 288 1700 et
308 1647 462 1713 effusione,
492 1659 566 1716 quae
592 1647 623 1699 in
652 1645 718 1714 ipso
747 1647 890 1702 sacrificio
913 1647 959 1713 nt,
991 1647 1037 1700 in·

68 1722 198 1794 telligende
219 1741 283 1780 esse
306 1741 342 1780 ox
361 1732 455 1781 mente
468 1727 497 1780 ¹8.
516 1725 715 1794 Chrysostcrni
729 1730 757 1778 et
770 1723 900 1794 plurium
916 1726 965 1780 Sd.
980 1725 1038 1780 Pa-

67 1807 124 1858 trum
140 1805 241 1872 probat
255 1803 442 1861 Maldcnatus
460 1803 497 1858 ad
516 1811 603 1876 caput
625 1804 671 1858 16.
694 1805 720 1858 S.
736 1801 838 1860 Matth.
861 1804 939 1860 uude
959 1811 1036 1860 ructa

66 1881 196 1954 colligitur,
219 1885 415 1954 sumptionem
437 1886 566 1953 corporis
586 1892 614 1938 et
627 1884 778 1954 sanguinis
793 1883 902 1939 Christi
917 1884 1037 1939 Domini

67 1962 223 2020 sSacerdote
238 1966 354 2030 iactam,
377 1971 450 2034 quae
465 1978 518 2032 per
531 1964 702 2018 fractionem
717 1970 745 2017 ct
766 1963 933 2018 effusionem
953 1965 1038 2018 illam
1062 1975 1068 1985 ‘

66 2040 235 2110 significatur,
266 2043 305 2097 ad
332 2043 470 2098 sacrificii
497 2045 636 2097 rationem
659 2049 688 2096 et
708 2043 860 2096 essentiam
882 2044 1036 2111 pertinere,

67 2133 115 2173 eum
131 2121 209 2177 illius
230 2123 382 2178 tractionis
403 2130 431 2176 et
450 2123 597 2176 effusionis
612 2122 719 2177 virtute
732 2129 851 2193 peccata
865 2119 1039 2176 remittenda

69 2213 112 2252 esse
130 2200 268 2270 dicantur,
292 2203 344 2272 qui
365 2201 483 2272 quidem
506 2204 622 2257 effectus
643 2200 730 2272 hujus
751 2200 886 2256 sacrificii
901 2201 1038 2271 proprius

67 2284 105 2344 cst,
123 2289 151 2333 ut
169 2282 245 2337 inira
266 2280 472 2351 explicabitur.

113 2359 268 2415 Secundum
296 2369 355 2427 est,
393 2359 472 2430 quod
498 2359 536 2414 ad
564 2360 704 2415 rationem
733 2359 871 2414 sacriticii
897 2358 1040 2429 pertineat

69 2438 136 2491 realis
155 2441 294 2510 quaedam
316 2438 496 2507 immutatio,
517 2455 567 2493 seu
589 2439 746 2494 destructio
770 2439 812 2493 rei
833 2437 965 2504 oblatae3
990 2451 1042 2507 per

70 2523 292 2575 consecrationem
313 2527 407 2574 autem
420 2519 504 2573 nulla
516 2518 569 2572 'dat
583 2520 712 2588 corporis
728 2527 755 2572 et
770 2518 921 2589 sanguinis
932 2515 1042 2572 Christi

68 2593 211 2667 destructio,
233 2599 286 2653 sed
305 2601 404 2668 potius
426 2613 502 2653 nove
522 2599 615 2667 ipsius
637 2598 691 2652 sub
713 2598 864 2667 speciebus
879 2609 1039 2652 sacramen·

69 2674 155 2731 talibus
180 2680 308 2748 positio,
344 2692 417 2748 quae
444 2693 497 2748 per
523 2677 753 2733 communionem
782 2676 958 2746 destruitur,
987 2691 1040 2746 per
1082 2720 1086 2726 ,

71 2766 136 2820 quem
153 2756 276 2826 proinde
297 2758 338 2823 tit,
360 2765 392 2811 ut
413 2771 516 2826 corpus
538 2757 647 2812 Christi
668 2757 781 2812 amittat
801 2771 862 2812 esse
880 2770 1041 2814 sacramen·

72 2831 115 2886 tale
131 2844 155 2889 et
174 2839 215 2892 sic
237 2836 355 2892 realiter
375 2837 550 2892 immutetur.
569 2851 573 2855 ·

117 2913 235 2971 lentium
258 2923 314 2984 est,
344 2915 423 2986 quod
441 2916 575 2970 Ecclesia
594 2915 753 2986 praecipit,
772 2923 820 2984 nt,
842 2915 868 2969 si
889 2916 1039 2986 contingat

73 2988 229 3051 Sacerdotem
269 2995 461 3050 celebrantem
499 2995 577 3050 iacta
612 2996 832 3051 consecratione
867 2997 942 3050 mori
973 3000 1040 3048 ante

73 3075 296 3141 communionem,
328 3075 404 3128 alius
426 3074 564 3130 Sacerdos
587 3075 673 3128 etiam
693 3089 752 3129 non
770 3074 890 3146 Jejunus
911 3073 1043 3143 perficiat

71 3145 170 3208 Missam
189 3154 385 3209 consumendo
406 3161 494 3210 totam
509 3152 667 3221 victimam,
689 3169 725 3207 ne
740 3154 854 3208 scilicet
868 3153 1042 3210 sacrificium

73 3224 248 3297 inperfectum
268 3234 466 3304 relinquatur:
490 3233 576 3295 Quale
596 3235 667 3287 enim
688 3243 728 3287 est
747 3232 923 3302 sacrtficium,
946 3236 979 3284 ut
998 3229 1043 3284 di·

76 3307 133 3362 citur
150 3327 208 3384 cap.
224 3313 350 3367 Relatum
370 3313 405 3367 de
427 3319 583 3367 consecrat.
607 3312 673 3367 dist
689 3312 717 3368 2.
741 3316 784 3366 cui
804 3328 852 3365 nec
872 3312 930 3380 ipsse
950 3311 1044 3365 sacru

73 3384 140 3448 ficant
156 3395 290 3462 particeps
310 3407 367 3448 asse
388 3394 573 3462 coynosaiturt

121 3467 144 3522 3.
183 3471 321 3538 Quamvis
343 3479 438 3528 autem
459 3471 513 3526 hae
534 3469 609 3526 duee
631 3472 790 3525 sententiae
810 3469 936 3524 maxime
961 3469 1043 3522 vide·

83 3551 143 3602 tntur
159 3551 342 3622 probabiles,
371 3557 399 3606 ct
425 3566 462 3606 ax
488 3559 611 3621 utraque
641 3550 759 3604 illarum
786 3547 900 3619 possint
919 3546 995 3604 uarii
1016 3551 1044 3599 et
