2316 3866
133 163 196 233 842
441 229 447 240 ,
532 178 572 222 ca
594 176 728 224 ιιιιιιιιιε.

133 316 255 374 quorum
286 300 385 372 plures
417 301 488 354 citat
516 305 545 352 et
571 297 701 368 sequitur
728 297 922 352 Bellarmiuus
953 297 1010 352 lib.
1043 297 1071 354 3.
1097 299 1130 354 de

133 381 239 436 memb.
261 379 341 435 liccl.
363 393 426 450 cap.
450 375 496 432 ll.
522 376 653 447 dicitque
680 377 834 446 implicare
862 375 1129 446 contradictionem,

134 459 331 532 legislatorem
350 453 480 529 obligare
508 456 548 512 ud
569 466 693 526 poenam
715 463 744 510 et
764 456 883 510 nou'ad
903 457 1041 526 culpam,
1072 473 1131 512 cum

136 540 224 610 culpa
244 544 273 594 et
292 551 386 609 poena
406 537 464 590 siut
477 536 658 606 correlative,
681 549 733 590 uec
751 534 807 588 illa'
819 535 868 590 lex
884 534 967 606 justa
990 536 1129 602 videatur,

136 631 210 691 quae
230 631 355 688 poenam
375 615 514 670 dvorsus
540 615 669 670 macutes
696 613 884 670 decernerete
913 615 995 671 uude
1024 617 1128 682 amerit,

137 698 251 770 regulas
272 697 341 751 illas
355 693 544 765 quorumdam
564 693 778 766 religiosorum
799 707 872 763 quae
894 693 932 747 ad
953 694 1044 748 solam
1063 709 1129 764 poe-

121 775 203 832 ,ιιιιιιι
224 775 367 846 obligant,
387 789 446 828 uon
466 771 653 843 posmodum
674 769 747 844 legia
768 771 907 844 obligare,
926 771 981 827 sed
1004 789 1053 843 pet
1074 789 1127 826 mo·

136 856 206 911 dum
225 852 386 926 cujusdam
414 851 614 908 conventionis
642 859 669 908 at
695 852 791 922 paoli,
819 859 848 906 et
873 853 901 905 S.
923 852 1034 906 Doctus
1061 859 1128 908 recte

138 935 272 995 observat
291 932 319 987 2.
341 930 369 988 Β.
392 937 502 1003 quaeat.
526 929 592 986 186.
620 937 674 986 urta
695 930 723 985 9.
747 929 784 984 ad
804 927 832 984 2.
857 947 913 984 aaa
931 931 1037 990 mesic.
1069 947 1128 1002 quoe

138 1013 583 1081 conclamantissimus,
613 1011 688 1065 bodi
701 1026 757 1080 per
780 1011 884 1065 modam
900 1011 1060 1080 praecepti,
1091 1011 1131 1064 sed

116 1113 119 1118 ·
138 1093 272 1163 quomens
287 1091 406 1162 proponi
422 1107 477 1161 per
496 1091 601 1144 modum
625 1090 805 1144 ordinationis
831 1089 969 1158 mlum
982 1090 1133 1159 'obtipoestt'a

139 1173 177 1226 cd
203 1172 288 1226 colom
309 1187 447 1241 poenum:
479 1165 558 1240 quod
578 1171 615 1223 -iu
645 1167 820 1240 quibusdam
851 1169 964 1241 legibus
997 1169 1155 1250 civilibus1

140 1251 237 1308 laeuas
263 1250 370 1305 babere
398 1255 493 1304 censet
511 1247 658 1304 Navamus
686 1261 749 1318 cap.
771 1245 818 1301 2³.
846 1263 923 1302 uum.
945 1249 993 1305 55.
1019 1248 1155 1318 quaudo?

137 1329 255 1386 scilicet
274 1344 368 1399 neque
388 1344 425 1383 ex
445 1328 620 1399 legislatoris
642 1326 845 1394 declaratione,
872 1341 965 1396 nequo
985 1340 1024 1382 ex
1045 1327 1135 1398 quali·

141 1415 199 1463 tate
219 1423 339 1479 poenas,
361 1421 455 1478 neque
476 1421 513 1460 ex
533 1405 698 1462 detrimenti
711 1404 826 1477 publici
841 1406 981 1476 gravitate
1004 1405 1135 1477 dignosci

139 1489 219 1544 olere
244 1494 352 1558 potest,
385 1501 421 1548 au
450 1486 499 1540 lex
527 1486 628 1556 aliqua
655 1485 752 1540 civilis
780 1483 914 1553 poenalis
942 1482 1055 1556 obliget
1087 1485 1134 1539 sub

141 1567 249 1636 culpa3
282 1573 350 1620 tuuc
371 1566 463 1632 euim,
492 1570 524 1619 ut
544 1564 654 1620 ibidem
677 1563 775 1632 docet,
803 1563 901 1633 quivis
924 1564 1035 1634 poterit
1054 1563 1091 1617 id
1110 1565 1133 1618 in
1155 1578 1156 1640 ι

133 1643 378 1700 ‘damnabiliorem
394 1650 506 1713 partem
528 1644 721 1714 interpretari,
742 1657 777 1697 ac
798 1642 856 1697 sibi
875 1642 1053 1715 pesauadere
1065 1643 1133 1697 hauc

69 1761 77 1776 ,
138 1736 198 1776 nou
220 1728 279 1778 tans
299 1724 392 1794 legem
413 1736 490 1789 esse,
519 1736 607 1792 quatu
633 1723 844 1778 ordinationem
870 1719 1035 1792 quandam,
1065 1735 1133 1792 quae

140 1798 265 1871 proinde
294 1801 332 1855 ad
358 1800 470 1856 nullum
498 1801 614 1872 culpam
642 1802 767 1872 obliget,
796 1800 848 1856 aed
872 1815 998 1871 poenum
1028 1808 1133 1854 tantum

141 1881 234 1936 veluti
262 1879 459 1938 conditionem
489 1874 634 1950 quandam
661 1886 820 1952 proponat,
851 1887 883 1936 ut
911 1879 1084 1952 diligentius
1110 1886 1157 1956 et}

140 1957 257 2016 uastius
277 1959 452 2015 observetur.
498 1979 499 1986 ι
1156 1963 1157 1978 ³

483 2153 792 2255 suessos.
863 2224 866 2232 ·
939 2141 943 2148 ’

141 2313 180 2374 Ιιι
209 2313 330 2389 quibua
355 2297 517 2386 personia
532 2313 813 2440 mgffifsfm
838 2311 1049 2413 terendam
1073 2327 1132 2386 po-

204 2511 230 2567 l.
273 2513 345 2568 Cum
373 2513 450 2584 leges
477 2513 619 2568 humanas
648 2512 775 2582 duplicis
803 2513 863 2568 siut
890 2515 1018 2584 generis,
1047 2513 1131 2568 eccle·

143 2593 277 2650 siasticee
297 2591 409 2648 seilicet
428 2599 458 2646 et
478 2591 590 2660 civiles,
612 2591 723 2662 duplex
738 2594 824 2648 etism
845 2600 888 2647 est
908 2593 1130 2664 legislanixpc

139 2679 260 2740 ¹testam·
274 2671 468 2748 ecclesiatius
489 2669 628 2727 nimirum
656 2680 683 2726 ct
707 2671 813 2737 civilis.
856 2665 899 2727 De
926 2678 1049 2742 utraque
1073 2671 1131 2724 bre·

143 2751 287 2806 viterbio
308 2749 451 2823 agendum
472 2755 523 2804 est.
571 2769 574 2778 ¹

203 2828 248 2880 llo
268 2829 299 2881 iu
320 2831 423 2898 primis
439 2829 655 2895 'observandum
677 2828 735 2900 esi,
759 2830 881 2899 primam
903 2837 932 2884 et
951 2829 1130 2900 praecipuam

144 2903 340 2966 conditionem
361 2910 391 2961 in
414 2909 580 2980 legislatore
607 2909 670 2963 sive
689 2909 885 2964 ecclesiastico
910 2910 977 2972 sive
1001 2909 1075 2967 laico
1094 2921 1131 2960 te·

145 2983 282 3055 quiritem
310 2998 371 3040 ease
398 2983 557 3056 legitimam
582 2988 613 3040 in
637 2989 704 3043 loro
732 2987 867 3048 exteriori
891 2987 1128 3058 jurisdictionem,

145 3062 177 3118 id
199 3069 241 3118 est
259 3062 420 3134 legitimam
447 3065 650 3120 authoritatem
679 3081 713 3125 sc
733 3071 900 3136 potestatem
929 3065 1081 3136 publicam
1098 3061 1130 3117 ad

143 3143 319 3214 regimcu'et
341 3141 577 3213 gubernationem
593 3147 806 3202 communitatis
828 3144 963 3216 alicujus.
1000 3145 1132 3199 llaecau·

144 3230 200 3278 tens
216 3221 385 3293 Jurisdictio
407 3221 517 3291 duplex
538 3231 598 3278 eat:
631 3225 690 3277 slis
711 3224 872 3291 ordinaris,
899 3239 988 3294 quam
1009 3225 1073 3294 quis
1092 3238 1131 3276 ra-

145 3302 224 3354 tione
257 3299 370 3370 proprii
397 3303 529 3356 muueris
559 3309 588 3356 et
618 3303 709 3358 officii
740 3303 871 3370 obtinet3
900 3303 967 3357 'alis
999 3303 1130 3372 delegata,

145 3390 230 3446 quam
258 3393 317 3432 nom
338 3395 375 3432 ex
394 3391 512 3435 munere
539 3377 587 3434 vel
613 3381 727 3450 silicio,
755 3381 806 3436 sed
834 3395 869 3436 ex
891 3383 1091 3438 commissione
1108 3383 1129 3430 et

136 3454 282 3510 ‘facultate
303 3457 361 3510 sibi
382 3472 518 3513 concessa
538 3469 660 3516 meruel.

116 3519 120 3524 ’
153 3573 156 3580 .
193 3529 328 3624 ,γΒιιιιιιιιι
349 3533 409 3588 alia
429 3541 472 3589 est
486 3534 656 3604 jurisdictio
673 3539 861 3610 contentiosa,
883 3538 942 3593 alis
956 3537 1127 3594 voluntaria:
