2360 3862
139 159 202 230 192
502 176 540 224 ns
559 173 781 224 unumunurm:

137 302 291 356 nitentium
320 297 478 366 accedant3
511 295 673 352 declaratur
700 297 777 350 euim
806 297 836 350 ln
859 297 991 352 Concilio
1013 297 1155 353 'l'riden-

134 383 209 447 tino,
230 393 299 434 sose.
322 377 371 434 14.
392 393 457 447 cap.
476 377 505 432 2.
521 377 690 446 poenitentes
706 391 760 446 per
777 375 953 431 Sucemotum
972 382 1150 432 sententium

135 477 189 515 non
209 459 308 524 senui,
326 460 374 515 aeti
395 460 484 522 toties,
511 458 614 526 quoties
634 457 672 510 ad
692 456 879 511 Pestilentiae
899 453 1021 512 tribunal
1043 461 1153 529 conflr-

133 542 248 610 9erint,⁴
263 551 354 610 posse*
367 539 402 591 ul
423 537 549 590 adrensis
564 537 687 606 peccatis
712 536 833 590 liberari.
875 535 961 592 Unde
984 538 1013 592 S.
1039 538 1154 593 Hiero-

136 615 242 690 nymus
257 617 382 688 epistola
395 615 442 670 46.
459 615 497 670 ad
512 613 683 669 Rusticum:
704 611 778 670 Νοη
791 617 882 681 sotum,
899 617 1006 686 inquit,
1028 620 1150 688 septies,

135 701 184 756 sed
204 699 358 769 scptucpies
378 697 477 765 septies
498 696 676 768 delinquenti,
701 696 727 748 ιι·
747 705 918 750 concertatur
938 698 975 750 cd
995 700 1154 766 poenites·

137 777 569 848 compertumcompertnm
601 781 628 828 et
648 771 793 828 Nararrns
815 777 847 829 in
868 776 1000 830 manuali
1022 791 1098 848 cap.
1121 777 1147 831 3.

134 861 257 928 loquens
279 855 314 909 de
339 857 471 926 personis
499 855 575 920 illis,
589 889 592 896 -
608 869 682 924 quae
711 855 837 908 suntin
864 857 1001 924 proxima
1028 858 1151 926 peccati

134 937 300 1002 emisione,
332 947 417 1006 quarn
447 942 541 988 tamea
567 933 605 987 ob
627 933 756 1004 aliquam
785 945 902 990 causam
927 935 1150 990 rationabilem

135 1017 301 1086 relinquere
315 1025 374 1070 non
388 1020 530 1083 possunt3
563 1025 649 1083 quam
672 1011 788 1083 quidem
804 1027 928 1080 causam,
951 1019 1058 1070 utrum
1083 1017 1151 1071 talis

135 1111 169 1152 re
187 1095 324 1162 vesanit,
346 1095 421 1149 serio
442 1091 607 1163 expendere
628 1091 714 1146 debet
728 1093 946 1148 confessarius:
978 1093 1065 1149 dicit
1087 1112 1152 1166 per-

135 1189 221 1230 sonas
240 1175 310 1230 illas
331 1189 425 1244 posse,
448 1174 473 1226 si
495 1171 661 1243 recide-rint,
683 1169 808 1240 absolvi,
830 1188 889 1228 non
906 1179 1023 1228 tantum
1040 1177 1152 1245 semel,

133 1255 183 1313 bis
210 1255 272 1310 vel·
287 1255 407 1324 septies,
440 1251 491 1306 sad
519 1252 605 1306 etiam
634 1253 807 1323 septuagies·
825 1252 946 1322 septies,
981 1252 1153 1310 dummodo

134 1347 235 1390 voram
254 1334 361 1388 inillis
376 1331 579 1386 contritionem
600 1337 638 1384 et·
649 1333 764 1390 firmum·
776 1347 836 1386 non
854 1332 980 1402 amplius
996 1334 1152 1402 peccandi

91 1463 94 1471 ι
134 1415 316 1486 propositum
332 1455 334 1458 .
352 1411 551 1466 Confessarius
588 1409 804 1479 deprehendat:
841 1411 925 1482 quie,
962 1419 998 1465 ut
1031 1413 1152 1469 ibidem

135 1493 284 1559 observet,
314 1491 582 1561 irequenspeccati
609 1489 740 1544 recidiva
766 1505 825 1545 non
853 1498 895 1545 est
919 1505 1043 1560 sempor
1068 1510 1152 1566 argu·

137 1579 271 1628 mentum.
285 1571 488 1636 necessarium,
512 1583 569 1639 quo
586 1569 717 1640 judicari
731 1570 834 1640 possit,
855 1571 1081 1640 poenitentiam
1105 1589 1153 1628 sen

133 1651 338 1706 contritionem
359 1663 633 1715 neumnensium,
662 1648 713 1703 sed
735 1656 777 1703 est
803 1649 1005 1705 tantummodo
1028 1653 1155 1724 signum

136 1731 281 1785 maximae
296 1729 467 1800 ingilitatis
478 1735 506 1782 et
519 1729 732 1782 inconstantiae
744 1746 752 1795 3
779 1743 873 1800 neque
887 1729 926 1783 ad
938 1731 1155 1800 recipiendum
1177 1757 1178 1760 ¹

136 1809 349 1866 absolutionem
377 1809 549 1878 requiritur,
577 1815 611 1864 nt
630 1805 784 1878 poenitens
810 1823 870 1864 nou
893 1809 1032 1878 amplius·
1050 1812 1090 1866 in
1114 1815 1156 1867 lu·

137 1895 233 1945 turum
253 1895 368 1960 peccet,
390 1888 440 1944 sed
461 1894 493 1940 ut
514 1889 640 1957 amplius
659 1899 781 1957 peccora
803 1888 887 1944 nolit.

195 1967 223 2022 4.
267 1967 406 2036 Quamvis
431 1973 528 2022 autern
556 1968 627 2022 haec
654 1967 697 2021 ita
717 1981 751 2021 se
774 1967 915 2034 habeant,
943 1967 1156 2026 nihilominus

136 2047 442 2104 dobet'Oonlessarius
468 2045 628 2116 prudenter
653 2043 902 2116 attendere‚lnon
929 2053 1050 2102 tantum
1079 2051 1157 2122 quid

136 2128 268 2183 absolute
287 2125 439 2198 'loquendo
459 2127 565 2195 possit,
593 2125 645 2180 'sed
671 2127 769 2196 potius
796 2126 867 2197 quid
894 2127 953 2196 ipsi
972 2130 1156 2196 poenitenti

136 2209 174 2262 sit
194 2209 284 2280 magis
307 2208 485 2262 conveniens
504 2213 535 2260 et>
554 2212 674 2276 spurina
704 2206 795 2260 multa
823 2208 900 2262 enim
928 2207 1038 2274 licent,
1076 2225 1157 2280 quae

136 2286 295 2357 aliquando
316 2302 374 2341 non
398 2285 566 2356 expediunt.
602 2283 696 2340 Debet
718 2285 807 2356 igitur
828 2301 924 2340 corum
946 2286 1009 2340 Deo
1033 2293 1157 2346 attente

136 2366 334 2434 considerare,
363 2377 434 2420 unm
463 2367 597 2435 frequens
624 2381 693 2420 usus
721 2365 914 2420 confessionis
942 2365 1061 2422 talibus
1087 2386 1157 2439 per-

136 2447 214 2502 sonis
236 2448 348 2501 utiliter
368 2445 485 2500 suaderi
499 2444 602 2514 possit,
623 2452 655 2498 ut
675 2460 774 2504 aarum
790 2444 940 2516 fragilitati
957 2448 1156 2518 consulatur,

134 2533 163 2582 et
183 2525 342 2580 voluntatis
368 2524 521 2579 infirmitas
542 2539 575 2577 ac
601 2523 769 2594 aegritudo,
798 2523 900 2579 crebra
926 2523 1016 2595 hujus
1039 2527 1157 2584 Sacra-

134 2607 224 2660 menti
245 2605 428 2674 susceptione
449 2603 533 2674 quasi
553 2602 682 2658 remedio
709 2604 826 2672 saepius
851 2605 975 2659 interato
998 2616 1154 2674 sanetum

134 2699 204 2739 num
226 2701 241 2740 e
262 2691 361 2739 contra
382 2682 527 2754 frequens
539 2683 728 2738 confessionis
757 2699 825 2739 usus
848 2683 912 2737 illis
930 2684 1068 2740 nocivus
1090 2691 1154 2743 sit:

136 2781 163 2816 v.
186 2781 212 2835 g.
235 2763 349 2824 sipinde
371 2770 485 2818 sumant
506 2763 686 2817 occasionem
700 2761 844 2832 peccandi
862 2762 1008 2832 liberius3
1041 2766 1075 2820 si
1098 2785 1154 2838 po-

137 2841 195 2898 tius
217 2858 254 2896 ex
275 2843 492 2908 consuetudine,
515 2857 600 2912 qnam
615 2857 652 2896 ex
670 2857 739 2896 vero
759 2843 941 2900 contritionis
955 2844 1076 2901 motivo
1102 2855 1154 2902 aut

137 2921 348 2976 emendationis
366 2925 518 2993 ‘proposito
541 2921 579 2975 ad
598 2919 799 2980 Paenitentiam
821 2922 950 2976 tribunal
971 2925 1151 2996 accedant3

133 3003 189 3073 pro
210 3001 322 3057 ratione
344 3002 420 3056 enim
449 3001 676 3071 dispositionum
703 3001 820 3054 illarum
847 3003 1031 3071 poenitentes
1063 3007 1154 3075 ipsos

135 3081 248 3138 utiliter
268 3079 414 3136 interdum
435 3082 678 3150 poterit-privare
699 3079 840 3135 beneflcio
861 3081 1074 3152 absolutionis,
1100 3087 1154 3141 vel

134 3160 214 3218 illud
233 3162 266 3215 in
287 3161 399 3232 aliquot
427 3161 489 3215 dies
512 3160 639 3226 differre,
666 3168 696 3216 et
716 3161 835 3216 -iuterim
862 3161 913 3230 piu
940 3168 968 3216 et
997 3163 1156 3236 religiosa

136 3241 278 3312 quaedam
305 3255 393 3310 opera
416 3247 442 3296 et
470 3241 666 3311 poeniteutiae
694 3240 833 3296 exercitia
858 3239 931 3310 ipsis
957 3239 1155 3314 injungere:

136 3335 213 3390 quae
243 3321 352 3376 omnia.
369 3321 468 3389 potius
497 3335 536 3374 ex
566 3320 698 3375 interiori
727 3320 852 3390 Spiritus
884 3323 975 3374 sancti
1007 3321 1157 3380 illustra-

135 3400 224 3465 tione,
247 3408 275 3454 et
295 3399 432 3454 diuturna
451 3401 483 3454 in
504 3399 754 3456 administratione
778 3397 872 3470 liujus
888 3399 1072 3458 sacramenti
1102 3421 1156 3462 ex-

133 3478 290 3550 perientia,
319 3493 406 3550 quam
434 3495 470 3534 ex
490 3479 576 3534 certis
603 3481 788 3552 regulis:aut
814 3479 977 3550 praeceptis
1000 3479 1155 3553 dignosci

136 3565 289 3626 possunu
322 3585 349 3602 υ
467 3584 486 3614 η
588 3598 591 3603 -
884 3587 893 3614 ,·
