2316 3866
66 84 131 152 312
459 92 498 136 D}
521 87 673 135 ΡΙΟῢΔΤΙῦ.
747 43 749 50 Ι
889 157 895 162 ἱ
1135 90 1137 162 i

70 237 122 278 nor
151 233 201 288 per
230 213 355 269 resimis
386 217 506 280 peccata
532 207 651 265 excludi
682 223 766 278 possa
794 222 811 264 a
838 207 943 278 grstia
978 210 1109 264 sancti·
1135 175 1138 258 i

72 303 185 356 ficante.

131 378 159 432 e.
193 372 331 445 Objicies,
354 385 391 426 ox
411 368 510 424 multis
532 364 695 422 venialibus
721 367 803 420 furtis
824 381 914 436 posse
941 368 1108 424 constitui

71 460 179 514 furtum
201 452 340 510 mortale:
372 465 396 504 e.
419 466 445 520 g.
468 462 610 517 ponamus
631 447 737 502 furtum
752 445 858 516 viginti
878 447 1011 516 assium
1037 463 1108 504 esse

71 536 263 609 quantitatem
285 530 323 585 ad
344 535 493 598 peccatum
508 526 628 580 mortale
649 525 857 583 sufficientem:
890 527 921 579 si
940 526 1021 595 quis
1038 527 1107 580 sin-

73 616 149 689 gniis
171 612 273 667 diebus
295 625 384 664 unum
406 621 498 662 essent
519 605 658 676 accipiat,
688 605 782 672 prims
808 610 835 658 et
856 605 1006 662 secunda
1030 608 1106 662 vice

73 695 199 764 aliisque
230 687 417 760 sequentibus
446 683 580 756 peccamt
610 684 703 740 scium
732 684 898 753 venialiter,
940 686 1105 756 vigesima

73 781 169 830 autem
190 769 348 826 mortaliter
369 765 510 835 peccabit.
1144 780 1145 834 t

133 847 343 920 Respondstur,
366 846 474 902 lurtum
492 841 572 899 illud
593 841 727 900 ultimum
749 857 810 898 esse
824 850 997 911 peccatum
1021 861 1104 904 mor·
1145 866 1146 898 t

74 933 148 997 tale,
170 945 227 984 non
250 926 328 998 quod
348 941 385 983 or
406 925 459 980 illo
481 931 509 979 et
531 923 596 978 aliis
617 921 856 992 praecedentibus
880 923 1054 978 coalescat
1077 936 1105 980 et
1146 950 1147 996 t

74 1011 211 1066 condetur
232 1006 352 1062 mortale
373 1005 449 1062 illud
477 1009 645 1073 peccatum,
675 1001 727 1056 sed
747 1003 819 1072 quio
837 1002 869 1056 in
890 1003 955 1060 hoc
982 1003 1105 1062 ultim
1147 1040 1148 1072 t

74 1090 150 1144 furto
172 1088 335 1142 continetur
363 1097 499 1154 expressa
525 1082 572 1136 vel
602 1081 692 1136 tacita
718 1081 820 1136 volitio
848 1082 943 1139 simul
975 1083 1107 1154 injusta
1148 1126 1149 1148 ,

49 1165 220 1239 ‚reduendi
247 1167 325 1220 huno
353 1165 487 1220 nltImum
515 1177 606 1216 assem
634 1176 699 1216 num
729 1160 932 1216 novemdecim
966 1179 1107 1232 praece·
1149 1212 1150 1232 ,

73 1246 221 1313 dentibus,
244 1259 316 1316 quae
331 1241 476 1317 quantitas
498 1257 564 1298 oum
578 1255 614 1294 ex
628 1240 784 1309 hypothesi
804 1241 936 1296 sufficiat
951 1242 998 1296 ad
1017 1259 1107 1300 mor·
1150 1298 1151 1304 ,

75 1328 146 1393 tale,
168 1326 237 1380 hinc
259 1325 290 1380 tlt
311 1330 342 1378 ui
363 1323 497 1380 ultimum
518 1321 626 1374 turtum
648 1327 797 1374 censeatur
818 1323 1059 1377 esscmortule.

74 1443 83 1448 -
134 1406 298 1470 Caeterum,
327 1403 458 1473 quamvis
480 1406 599 1470 peccata
627 1399 754 1456 venialia
781 1399 973 1469 quantalibet
998 1403 1103 1460 unico

72 1491 193 1556 peccato
207 1481 324 1540 mortali
337 1478 585 1552 aequiponderare
603 1493 751 1548 nunquam
765 1477 886 1547 possint,
908 1489 959 1534 est
983 1490 1102 1538 nmen

75 1564 258 1620 verissimum
285 1559 377 1632 (qnod
405 1561 488 1616 docet
510 1561 536 1614 S.
562 1555 827 1628 Thamaneita.)
855 1559 999 1616 venialia
1025 1577 1103 1632 pec·
1153 1565 1154 1574 ’

72 1650 147 1709 σιω,
170 1643 223 1696 illa
242 1639 422 1709 praesertim,
443 1653 517 1708 qnae
537 1653 574 1692 ex
595 1637 755 1696 deliberata
772 1638 920 1694 voluntate
944 1642 1102 1696 commit·

74 1728 187 1785 tnntur,
216 1727 332 1778 eatenus
356 1717 510 1787 disponere
531 1716 569 1772 ad
590 1724 739 1790 peccatum
768 1718 899 1783 mortale,
931 1727 1100 1789 quatenus

71 1798 360 1856 msumcithurnuno
380 1797 514 1853 voluntas
543 1797 596 1852 illu
624 1795 843 1864 committendo,
873 1795 1005 1855 divinae
1032 1802 1101 1872 legi
1141 1815 1157 1834 '¹

74 1879 105 1932 in
121 1876 282 1932 minoribns
305 1892 362 1930 uon
377 1875 503 1948 subjici:
537 1875 612 1932 unde
627 1876 769 1946 paulatim
780 1876 825 1932 -ad
846 1876 941 1945 ipsius
959 1877 1100 1936 divinae

73 1957 149 2029 legis
167 1955 270 2028 jugum
290 1957 321 2012 in
343 1955 503 2028 majoribus
525 1962 553 2010 et
573 1955 755 2028 gravioribus
780 1955 994 2034 excutientium
1020 1976 1099 2029 pro-

75 2036 193 2107 pansior
214 2037 253 2102 nt,
271 2033 358 2107 juxta
378 2035 455 2090 illud
469 2035 559 2090 Eccli.
586 2033 630 2090 ¹9.
668 2035 721 2096 Qui
740 2037 843 2104 spernit
863 2037 981 2102 modica,
1005 2057 1098 2108 pmi-

74 2117 151 2172 latian
165 2117 288 2181 decidam
315 2130 373 2186 qno
389 2129 475 2170 sensu
490 2121 565 2172 recte
581 2113 658 2170 dixit
670 2116 696 2171 S.
708 2115 888 2186 Augustinus
903 2129 991 2172 serm.
1014 2118 1094 2174 244.

74 2193 112 2252 do
134 2203 221 2264 temp.
248 2192 315 2250 Noli
333 2196 472 2270 despicere
488 2203 604 2264 paccata
625 2203 679 2258 tua,
705 2196 770 2266 quia
785 2212 876 2264 parua
896 2205 982 2263 sunt‚·
1021 2214 1096 2256 raam

73 2276 272 2344 ruptariorum
291 2283 386 2343 puttos
400 2291 506 2344 paruae
527 2283 600 2343 sunt,
628 2273 678 2328 sed
689 2273 810 2344 flumina
831 2276 955 2344 implent,
980 2286 1011 2330 et
1037 2293 1095 2334 ur·

74 2353 153 2410 tores
169 2369 231 2408 ,mm
251 2355 308 2409 auto
328 2354 466 2408 radicibus
487 2353 589 2408 tollant.
634 2353 674 2406 lis
693 2355 742 2424 qui
763 2355 844 2418 dieis,
872 2357 938 2426 qaia
955 2373 1094 2425 paruam

69 2442 284 2504 piaculumst,
314 2435 392 2486 velim
411 2434 493 2496 scire,
523 2433 627 2503 quotics
654 2434 707 2487 tals
724 2443 865 2502 peccatura
885 2436 1031 2502 admittis,
1065 2440 1093 2492 si

73 2522 113 2568 tot
127 2514 262 2582 paruulos
284 2513 386 2581 placas
414 2514 441 2564 in
466 2527 591 2581 corpore,
622 2521 648 2566 et
665 2514 787 2568 maculas
815 2522 862 2566 aut
887 2516 1036 2572 scissuras
1058 2519 1089 2582 ia

73 2593 191 2647 aestibus
213 2594 265 2646 tuis
277 2592 345 2660 sieri
364 2592 453 2644 uelis?
479 2609 537 2644 cum
562 2607 625 2660 erpo
646 2609 695 2646 uec
715 2593 743 2644 ia
764 2610 875 2662 corpore
891 2595 1007 2663 plapas,
1035 2613 1089 2652 uec

72 2673 104 2724 in
124 2683 194 2726 ueste
215 2673 347 2726 scissuras
368 2671 411 2724 uel
429 2672 549 2724 maculas
561 2672 630 2740 fieri
650 2673 813 2740 acquiescis,
835 2690 889 2744 qua
908 2677 1086 2732 conscientia

71 2751 125 2804 hoc
137 2751 235 2818 facere
256 2753 285 2804 iu
306 2752 397 2807 auimo
418 2760 465 2805 tua
485 2765 539 2804 aaa
558 2752 677 2804 mutuis!

381 2945 739 3047 sn'cnronu

71 3101 247 3162 Undenam
259 3105 416 3189 specifica
428 3103 888 3249 νῗᾶιοιὲιῶήξῆροόοιιοωω
901 3107 1074 3180 &tinctio

86 3346 89 3350 .
133 3301 158 3355 i.
203 3303 345 3368 Quoniam
366 3304 396 3356 in
419 3305 551 3359 Concilio
574 3306 703 3360 Trident.
734 3321 802 3361 sess.
835 3306 879 3362 14.
903 3267 968 3378 cap.
991 3311 1015 3364 5.
1040 3315 1070 3364 et

68 3389 134 3432 can.
150 3379 184 3432 i.
208 3380 358 3436 delinitum
386 3390 455 3449 cst,
472 3384 568 3437 omnia
596 3392 624 3438 et
644 3386 760 3457 singula
787 3395 905 3455 peccata
934 3387 1070 3442 mortalia

67 3461 139 3520 post
153 3456 331 3525 Baptismnm
346 3462 507 3528 commissa,
525 3477 654 3531 quornm
667 3465 806 3521 memoria
819 3473 885 3535 post
898 3465 1070 3538 diligentem
