2316 3866
148 149 211 222 218
478 167 517 212 aa
536 166 662 212 aenaea
680 167 822 214 amasa

211 288 354 344 Probatur
380 286 408 343 θ.
437 302 474 342 ex
501 288 529 342 S.
558 287 719 341 Athanasio
741 293 819 342 orat.
847 287 886 345 ad
913 295 1012 360 gentes,
1035 289 1118 343 mene

150 365 274 442 (iuquit)
297 384 458 438 oopaoacena
485 367 597 421 liberam
621 368 665 420 aui
685 367 838 432 arbitrium,
868 370 938 422 oidst
956 385 983 422 ac
996 385 1064 437 posse
1082 370 1119 421 uti

150 450 271 520 eoeperit
286 449 414 517 partibus
435 449 475 502 acl
492 457 623 518 atraque
637 447 674 500 ad
688 447 760 502 bonu
778 457 804 500 et
824 449 862 502 od
874 449 952 502 mola.
983 449 1007 502 S.
1020 447 1119 516 Cyrillo

150 526 295 585 Alexand.
325 526 380 585 lib.
400 527 429 584 t.
455 527 538 594 ind.
559 528 711 587 loannem.
753 526 881 584 Liberum
908 537 947 588 est
971 527 1078 598 (inquit)
1097 535 1121 580 et

144 609 279 680 propriae
300 603 436 661 electionis
455 606 484 660 tn
508 605 669 670 bominibus,
698 608 728 659 a'n
748 616 888 677 utrumque
909 605 1051 677 deflectere:
1079 615 1121 659 cot

150 691 180 742 ie
200 691 322 743 measa
337 695 457 757 postem
473 693 524 741 ent
543 687 572 740 ia
592 687 738 750 maiam,
760 687 790 740 ia
809 688 939 740 airtmea'
950 687 1011 750 dico,
1029 685 1066 740 aet
1081 687 1117 738 oi-

151 772 225 824 tiaat
267 767 296 820 S.
318 766 468 835 cypriano
487 765 570 836 epist.
593 767 642 820 tt.
682 765 770 819 Homo
794 763 921 836 (inquit)
943 766 1047 820 bbemcti
1061 781 1118 818 aena

149 849 260 902 relictus
280 853 307 898 et
326 847 357 898 ia
374 845 489 899 arbitrio
504 847 621 916 proprie
638 847 795 899 concitatus
814 847 921 900 aibisaat
940 847 992 920 itaci
1009 846 1044 898 eei
1059 861 1118 898 ntea

151 935 205 982 tam
223 924 329 996 appetit
347 925 391 978 nat
407 925 530 980 solutam.
555 925 602 980 itt
615 925 642 980 e.
659 925 797 980 Ansclnae
813 925 845 978 in
860 926 953 994 priori
974 929 1045 994 parte
1062 923 1118 977 libri

153 1005 189 1060 de
210 1001 344 1060 contenti.
374 1003 461 1061 liberi
490 1003 605 1060 arbitrii
633 1021 699 1060 cnm
726 1005 920 1074 praescientia
941 1005 993 1059 Dei
1014 1011 1041 1058 et
1054 1017 1120 1072 prae·

153 1084 360 1151 destinatione,
389 1083 441 1140 ubi
462 1097 595 1155 expresse
618 1084 703 1150 dicit,
726 1084 813 1138 Deum
835 1085 902 1151 neila
921 1084 1028 1139 tantais
1044 1084 1120 1136 oeta·

152 1173 234 1219 tctaaa
254 1165 330 1218 nubo
356 1165 515 1218 necessitate
542 1167 603 1233 coyt
628 1174 676 1218 eat
694 1164 838 1234 prodibam
864 1165 902 1218 od
928 1164 1066 1226 selmum,
1090 1161 1124 1214 oei

152 1261 206 1298 stoa
226 1245 386 1309 ootatdcaae
416 1242 585 1314 ibidemque
613 1245 676 1298 inse
702 1243 832 1312 explieat
851 1251 888 1297 et
900 1243 1003 1312 probat
1024 1241 1122 1296 neeeesi·

153 1328 240 1380 tatem
260 1321 490 1390 antecedentem,
518 1339 576 1393 qna
596 1324 731 1378 voluntas
755 1320 793 1376 ad
814 1335 905 1377 unum
926 1321 996 1393 quid
1016 1320 1124 1376 deterui-

154 1411 254 1470 natur,
283 1402 377 1457 libero
399 1402 520 1460 arbitrio
542 1402 705 1469 adversaria
734 1402 876 1472 docetque
903 1403 1073 1457 voluntatem
1092 1401 1125 1452 in·

65 1506 68 1516 ¹
153 1481 334 1539 differentem
354 1495 416 1536 asse
431 1482 469 1536 ad
483 1484 685 1553 oppositorum
698 1483 818 1538 alterum
833 1482 1017 1552 eligentium
1045 1495 1123 1550 quau·

153 1565 198 1616 vis
220 1569 374 1631 postquam
394 1576 483 1614 uuum
504 1577 535 1616 ne
556 1563 621 1631 ipsa
642 1561 758 1632 delegit,
784 1558 1123 1631 necessitatempuandau

153 1641 219 1708 ipsa
240 1639 298 1693 sibi
319 1640 416 1706 iaciat,
437 1654 523 1710 qnam
541 1649 764 1713 consequentem
786 1648 892 1696 vocant
902 1639 1050 1712 Theelegi,
1070 1651 1122 1709 qnae

154 1733 192 1774 ex
212 1719 277 1788 ipsa
298 1719 414 1772 effectus
434 1720 580 1788 positione
602 1722 742 1792 sequitur.

214 1797 242 1852 3.
284 1795 333 1852 Ad
353 1797 513 1853 iacilinaem
535 1815 604 1854 vene
628 1799 855 1870 intelligentiam
877 1811 990 1866 eornm,
1017 1805 1087 1868 quae'
1100 1795 1125 1848 de

154 1877 291 1932 llbenmts
317 1877 477 1931 voluntatis
505 1879 647 1946 humanae
674 1881 706 1938 in
737 1877 851 1934 actibus
879 1880 940 1934 suis
968 1879 1043 1932 dieta
1069 1881 1126 1940 suut,

151 1958 202 2010 ael
230 1964 332 2028 pestes
359 1955 505 2025 dicentur,
535 1958 592 2018 duo
621 1967 687 2014 suut
715 1959 763 2016 bie
791 1958 982 2014 obseruanda.
1013 1957 1126 2010 ¹Prlnnn

152 2039 211 2103 est,
234 2035 272 2090 ad
293 2036 363 2103 hoc,
382 2043 417 2090 ut
435 2037 572 2092 voluutas
592 2038 685 2094 libere
706 2046 858 2107 openetum·
874 2039 990 2108 requisi
1002 2037 1125 2106 praeviam

155 2116 278 2172 tationis
297 2115 506 2172 advertentiam
526 2125 564 2172 et.
576 2117 826 2184 deliberationem,
851 2116 883 2171 id
903 2125 947 2174 est
968 2125 999 2170 nt
1018 2117 1127 2172 voluntas

154 2196 285 2264 applicet
312 2195 493 2250 intellectum
513 2197 551 2251 ad
572 2197 834 2252 considerationem
863 2197 1077 2251 convenientiae
1092 2191 1124 2246 vel

152 2275 433 2342 disconvenientiae,
454 2278 576 2346 quaein
598 2276 730 2347 quolibet
743 2275 858 2348 objeeto
879 2276 1035 2346 appetibili
1053 2277 1126 2329 escaio

154 2353 318 2422 reperitnr3
347 2352 419 2410 haee
440 2357 515 2410 enim
531 2356 724 2411 consideratio
746 2364 773 2410 et
788 2355 962 2412 deliberatio
976 2352 1126 2416 intellectus,

155 2432 288 2504 quanvis
310 2447 368 2488 uon
388 2433 426 2489 sit
447 2449 533 2488 eausa
559 2433 719 2501 libertatis,
748 2449 835 2506 quam
862 2436 998 2490 voluntas
1026 2436 1126 2489 humana

155 2527 192 2567 ex
204 2525 244 2566 *ae
265 2517 299 2566 ct*
313 2527 350 2565 ex
370 2513 470 2566 innata
490 2513 548 2567 sibi
568 2513 764 2570 indifferentia
777 2514 898 2580 obtinet,
920 2523 1066 2568 esttamen
1079 2524 1126 2565 eoa·

154 2592 244 2658 ditie,‘
272 2592 336 2647 sine
355 2605 414 2661 qua
441 2593 576 2646 voluntas
604 2593 738 2648 libertate
766 2595 821 2649 illa
840 2596 872 2648 in
894 2593 1007 2648 actibus
1028 2593 1080 2646 suis
1096 2585 1126 2642 nti

154 2686 213 2725 nou
233 2677 349 2740 posset3
383 2685 436 2740 per
456 2672 539 2726 illem
561 2674 638 2728 enim
653 2672 798 2743 ebJeetum
814 2674 988 2744 proponitur
1007 2665 1125 2727 voluntati

156 2763 222 2802 eum
244 2752 390 2804 variarum
417 2753 562 2806 rationum
590 2751 771 2820 oppositione
792 2759 820 2807 et
840 2752 965 2822 quadam
995 2752 1080 2806 veluti
1096 2748 1126 2799 it·

157 2826 335 2886 differentia:
358 2830 471 2885 nullum
493 2829 636 2902 siquidem
652 2837 698 2886 eat
708 2831 855 2902 objectum
877 2839 1020 2901 creatum,
1041 2833 1069 2884 in
1085 2839 1124 2896 qtt

99 2919 101 2924 ’
155 2905 323 2965 iatelleetua
342 2908 483 2965 humanus
507 2911 600 2964 eunias
621 2917 649 2964 et
669 2911 817 2980 oppositae
833 2912 964 2966 cationes·
979 2909 1125 2966 convenien-

56 3051 59 3056 Δ
157 2983 213 3039 tiae
235 2983 549 3046 et‘diseonveuientiae
575 2989 870 3060 nondepsehendat3
903 2990 981 3046 unda
1000 2985 1126 3060 preposito

155 3065 201 3120 sic
222 3064 324 3136 quovis
346 3064 460 3135 ebjebte
481 3077 589 3136 create,
620 3069 754 3122 veluntas
782 3085 894 3138 semper
921 3079 1018 3126 manet
1039 3065 1128 3126 indite

153 3159 224 3200 seua
244 3143 281 3198 ad
302 3140 379 3197 illud
400 3147 596 3214 appetendum
617 3147 666 3202 vel
688 3147 908 3218 repudiandum.
950 3149 1035 3216 Quod
1055 3150 1076 3202 si
1092 3141 1128 3197 ati·

158 3223 300 3280 vertentia
330 3221 385 3277 illa
414 3233 464 3280 aut
494 3224 675 3281 deliberatio'
698 3228 862 3282 intellectus
893 3228 1052 3284 secundnm
1073 3219 1127 3294 quid

154 3303 347 3372 impediunt,
377 3311 457 3359 aetus
477 3319 495 3362 a
516 3307 665 3360 voluntate
684 3307 871 3362 elicitusvel
898 3309 1067 3378 inpmatne
1088 3300 1128 3356 etii

155 3387 269 3438 tantum
289 3383 447 3440 seeundum
472 3386 545 3456 quid
566 3385 662 3454 liber3
695 3387 717 3442 si
745 3388 865 3448 omnino
890 3396 919 3442 et
945 3389 1070 3442 letaliter
1090 3384 1127 3436 in

59 3487 66 3492 -
152 3457 304 3531 podiatae,
325 3471 356 3518 ut
377 3465 543 3536 contingere
558 3473 702 3536 potestas
724 3468 823 3540 aliqua
837 3468 1007 3544 ,vehementi
1018 3464 1126 3538 pusitii

156 3543 209 3596 aut
223 3539 428 3613 dismotione,
458 3549 538 3605 aetus
558 3545 611 3603 ille
631 3550 711 3618 omni
738 3559 857 3620 pnorsua
877 3549 1012 3606 libertate
1030 3539 1123 3604 ensebii
