2384 3868
417 169 452 216 ns
476 167 683 218 aucussrsru.
1005 153 1048 224 tt

49 292 196 359 meritur,
219 292 272 346 tce
285 290 506 355 smum,
528 299 657 361 quonism
668 291 708 348 sd
725 291 852 347 hoscum
865 291 1044 363 offlcmtios.

45 389 70 426 ss
88 373 187 429 luders
210 373 249 424 od
270 371 395 442 reliquo,
417 372 487 424 simet
504 387 535 424 ee
557 370 637 427 tecet
648 370 717 440 scos
738 372 904 427 adcinctos.

294 573 298 583 ⁴
379 581 447 657 Sit
462 584 489 652 O
504 585 532 652 Τ
547 585 565 650 Ι
580 583 610 654 Ο
652 583 714 652 HI.

73 714 259 786 Quasnam
282 713 328 770 stt
351 713 492 770 mstsrts
516 713 748 772 Eucharistiae
775 713 1010 772 confictsndaa

97 845 124 900 1.
156 845 290 902 Nomine
310 845 448 900 materies
468 845 499 898 in
522 845 706 900 Scorsnonto
720 846 919 903 Eucharistiae
935 847 1046 906 intelli·

42 927 112 998 gitur
124 925 168 992 id,
191 941 233 980 ex
248 939 308 995 quo
324 923 481 981 seeundum
496 923 605 980 Christi
620 924 737 980 Domini
751 925 963 982 institutionem
974 941 1046 982 con·

44 1006 133 1062 icitur
144 1005 248 1074 ipsum
265 1004 493 1069 Sacramentum,
513 1018 563 1059 seu
578 1020 622 1060 res
636 1005 699 1070 ills,
721 1020 795 1074 quse
808 1019 861 1076 per
873 1005 964 1060 verbs
977 1021 1046 1062 oon·

48 1085 213 1140 sccrationis
235 1085 269 1139 iu
291 1082 386 1152 ipsius
408 1083 516 1139 Christi
534 1083 651 1139 Domini
665 1099 769 1154 corpus
784 1083 979 1142 convertenda
992 1093 1044 1142 est

98 1164 274 1219 linientem
295 1170 404 1218 eertum
424 1178 462 1224 ex
482 1161 569 1228 Fide,
592 1163 687 1221 solum
708 1180 808 1220 verum
828 1177 933 1231 panem
955 1171 984 1220 et
1001 1179 1047 1224 so-

43 1244 100 1298 lum
126 1259 234 1300 rerum
262 1241 365 1296 vinum
392 1258 429 1296 ex
455 1242 515 1296 vite
543 1257 603 1296 esse
631 1249 727 1312 eptem
756 1252 784 1298 et
804 1241 939 1298 idoneum
958 1243 1048 1314 huius

44 1323 223 1382 sscrsneoti
261 1322 433 1376 materiem:
480 1319 515 1374 Id
551 1329 662 1377 constat
700 1338 737 1377 ex
774 1323 823 1378 SS.
851 1322 1047 1393 Evangelistis

45 1404 70 1458 S·
86 1403 186 1458 htstth.
204 1400 257 1456 26.
288 1401 315 1456 S.
332 1401 420 1459 More.
437 1399 484 1454 tt.
515 1401 545 1456 S.
558 1401 627 1458 Luc.
643 1401 690 1454 22.
720 1403 771 1471 qui
798 1402 974 1459 unanimiter
1003 1401 1048 1458 di-

43 1491 122 1548 ennt,
153 1481 309 1536 Christum
336 1481 491 1537 Dominum
519 1481 551 1534 in
578 1481 760 1538 instituendo
786 1481 841 1536 hoc
862 1481 1047 1546 Sacrsmento

41 1577 137 1618 rerum
158 1575 271 1630 ponem
290 1567 318 1617 et
334 1574 433 1619 verum
455 1561 555 1618 vinum
577 1559 756 1627 adhibuisse,
777 1571 805 1616 et
819 1569 919 1631 postes
932 1575 1049 1632 praece-

41 1643 115 1711 pisse
142 1639 309 1708 discipulis
334 1640 410 1708 suis,
437 1646 471 1694 ιιι
490 1639 546 1696 hoc
567 1640 708 1707 fecerent,
737 1639 816 1710 quod
837 1641 900 1710 ipse
931 1643 1047 1709 feceret,

39 1719 162 1790 proinde
190 1727 228 1774 ιιι
252 1735 354 1774 verum
372 1733 479 1788 panem
500 1726 529 1776 et
551 1735 649 1778 vetum
670 1720 771 1775 vinum
797 1720 836 1774 de
857 1722 917 1778 vite
938 1721 977 1778 sd
997 1722 1048 1781 St·

42 1807 226 1856 crementum
245 1798 302 1857 hec
322 1797 537 1855 conficiendum
558 1807 743 1854 assumerent.
776 1799 811 1854 ld
830 1806 979 1869 praetores
998 1799 1049 1859 de·

41 1881 153 1934 initum
174 1877 305 1934 habetur
325 1878 359 1942 in
379 1877 493 1940 concis,
510 1879 642 1938 Lateren.
676 1895 739 1949 esp.
760 1880 903 1944 Firmiter,
935 1879 1048 1936 concil.

40 1959 111 2014 iilos.
133 1959 168 2012 in
192 1957 274 2016 decr.
296 1957 367 2030 Eug.
388 1965 419 2015 et
439 1958 472 2012 in
491 1957 627 2027 pluribus
647 1959 717 2014 eliis
738 1959 896 2030 conciliis,
925 1973 1050 2030 quorum

42 2054 166 2096 conones
189 2039 256 2092 tuse
279 2037 404 2100 citantur
425 2052 442 2092 s
465 2035 604 2093 Gratiano
625 2038 692 2092 dist.
707 2037 734 2094 2.
757 2037 793 2094 ds
816 2040 1048 2098 consecratione·

98 2119 174 2174 Cum
196 2117 291 2188 igitur
304 2116 338 2170 id
351 2124 462 2178 certem
476 2117 529 2184 sit,
552 2115 591 2170 sd
604 2117 741 2188 majorem
760 2125 855 2175 umen
869 2118 958 2190 hujus
976 2118 1051 2178 veri·

44 2200 109 2254 tatis
129 2193 373 2254 elucidationem
382 2195 601 2254 observationes
614 2197 663 2255 hic
677 2199 794 2268 sliquse
808 2197 958 2254 faciendus
974 2204 1048 2254 suut.

98 2279 127 2332 2.
172 2276 278 2331 Primo
305 2285 362 2342 est,
391 2276 485 2330 solum
513 2291 618 2344 penem
647 2292 695 2334 ex.
711 2279 854 2334 frumento
879 2294 929 2334 seu
951 2278 1048 2338 tritico

44 2359 211 2414 contectum
235 2370 296 2410 esse
316 2355 506 2411 sufficientem
530 2365 558 2410 et
578 2364 682 2426 sptem
696 2356 783 2428 hujus
799 2357 977 2416 Ssetcmenti
991 2371 1051 2412 me·

45 2438 155 2492 teriam.
196 2435 244 2492 Ito
265 2435 293 2488 S.
309 2435 416 2490 Ductor
436 2442 546 2505 quaest.
564 2435 611 2490 tt.
633 2444 685 2492 ort
703 2436 730 2490 3.
753 2444 781 2490 et
794 2443 908 2490 constet
922 2451 958 2490 cx
973 2433 1049 2491 decr.

43 2517 111 2588 Eug.
141 2517 174 2570 in
207 2529 268 2584 quo
288 2515 433 2585 expressis
454 2514 552 2576 verbis
574 2515 712 2582 hebetur,
744 2517 937 2572 Eucharistiae
964 2524 1052 2570 mote-

44 2599 110 2650 n'cm
130 2611 193 2649 osse
209 2611 315 2664 panem
336 2596 467 2648 triticeum
489 2603 515 2648 et
533 2597 624 2650 sinum
643 2597 678 2650 de
696 2597 767 2661 stte;
789 2611 826 2650 ex
839 2611 897 2666 quo
911 2596 1051 2665 sequitur,

45 2691 149 2744 panem
172 2689 213 2728 ex
234 2671 361 2739 hordeo,
382 2689 491 2738 evena,
512 2682 563 2729 sut
583 2674 650 2728 eliis
671 2675 819 2730 similibus
839 2677 938 2745 granis
963 2691 980 2728 a
1001 2675 1053 2732 tri·

46 2755 100 2810 tico
129 2753 232 2823 speeie
260 2750 400 2820 diversis,
428 2769 487 2808 nou
515 2768 575 2808 esse
604 2753 738 2810 idoneam
763 2753 851 2823 hujus
872 2755 1052 2814 sacrementi

46 2835 206 2890 muriam.
260 2828 323 2888 Imo
356 2841 431 2889 reete
451 2839 566 2888 monet
590 2833 764 2888 Isamhertus
796 2833 834 2897 sd
866 2841 977 2904 qusest.
1004 2833 1051 2890 tc

48 2913 119 2983 disp.
138 2913 165 2968 1.
197 2919 251 2969 ert.
268 2911 296 2964 4.
326 2926 429 2980 penem
457 2927 494 2966 ex
520 2912 638 2984 siligine
666 2902 831 2971 contectum
857 2912 961 2985 (vulgo
979 2915 1050 2983 poio

49 2992 188 3064 decepte)
218 3007 280 3046 non
307 3006 369 3046 esse
397 2990 597 3047 adhibendum
622 2991 660 3046 cd
682 2991 891 3048 conficiendam
912 2993 1053 3048 Eucheri-

49 3073 148 3138 stiarn3
170 3071 310 3142 quamvis
332 3072 409 3125 enim
428 3071 523 3140 sliqui
538 3071 704 3128 existiment
719 3072 867 3144 siliginem
880 3073 978 3142 specie
992 3087 1052 3127 non

50 3150 163 3208 differre
184 3167 204 3208 a
226 3150 342 3220 tritico,
363 3149 433 3220 qnia
453 3157 549 3212 temen
570 3150 625 3206 alii
644 3153 820 3209 contrarium
834 3153 980 3218 sentiunt,
1002 3157 1053 3212 cut

50 3232 149 3288 saltem
170 3231 209 3286 de
231 3246 267 3286 ea
290 3243 319 3283 rc
341 3228 489 3296 dubitent,
519 3239 599 3290 recte
621 3229 704 3286 decet
724 3247 777 3301 pro
799 3231 978 3288 coniectione
999 3229 1051 3287 ltu·

47 3310 92 3380 jus
119 3309 305 3366 Sscrsmenti
332 3309 541 3368 assumendum,
561 3325 620 3364 non
648 3325 717 3368 esse,
739 3312 887 3368 materiam
919 3309 1050 3378 dubiam,

53 3391 97 3446 scd
118 3398 234 3446 tantum
256 3395 379 3460 certem,
402 3390 498 3460 qualis
520 3396 563 3444 est
583 3390 667 3459 panis
687 3404 760 3460 pure
782 3390 921 3446 triticeus.

105 3470 191 3538 Quod
219 3470 248 3524 si
276 3469 361 3538 penis
388 3469 437 3526 flat
461 3471 568 3539 partim
590 3485 627 3523 ex
648 3471 759 3543 tritico,
788 3468 894 3538 purtim
923 3483 960 3522 ex
983 3467 1051 3543 sili·

60 3549 128 3620 tine,
153 3547 289 3618 hordeo,
318 3548 366 3614 vel
393 3549 459 3606 eliis
481 3547 626 3620 ejusmodi
646 3549 760 3620 granis,
793 3553 862 3604 tuuc
889 3543 1050 3605 videndum
