2360 3862
137 153 204 223 208
502 167 539 210 aa
559 160 767 214 eoamrtarta·

136 293 211 348 lecto
232 301 289 347 eoa
294 289 386 362 ligare
393 303 458 344 nou
470 295 598 358 possent,
620 282 645 343 si
660 287 698 346 ad
712 281 937 344 satisfactionem
957 285 1133 358 implendam

135 385 193 427 nou
214 377 331 440 possent
352 383 400 423 eos
421 369 559 438 obligare.
1170 367 1171 370 ’

90 457 93 462 ’
149 449 225 505 ’8.
262 446 352 504 Unde
368 450 508 519 sequitur,
525 448 615 503 111ιιιι
636 457 768 518 peccare,
789 447 840 518 qui
860 449 1072 517 poeaitentiam
1094 465 1133 502 ra·
1170 445 1171 448 ’

140 491 321 584 tionabiliier
340 527 506 598 impositam
528 533 676 596 acceptare
700 537 758 581 ‘non
781 526 858 594 ruit,
887 535 937 582 aut
957 535 1132 597 acceptatam

136 609 461 680 implerenoncurat:
494 608 654 661 mortaliter
675 607 807 678 quidem,
835 607 861 660 si
881 608 1065 676 poenitentia
1085 608 1133 662 illa
1170 603 1171 606 ’

137 690 175 744 sit
196 687 301 760 gravia,
322 687 479 740 venialiter
493 693 624 754 tanmmp·
635 688 661 740 si
675 686 756 740 *isvis
778 687 834 753 sit,
848 695 879 740 ut
902 687 985 742 docet
999 687 1132 740 Valentia

138 780 186 842 qu.
209 767 244 822 4.
268 768 315 820 dc
324 767 436 821 Potuit.
467 772 566 834 punct.
587 765 615 819 4.
658 765 718 821 Imo
740 767 843 820 Sacros
873 781 960 836 supra
988 767 1131 820 existimat

134 847 331 918 poenitentiae
366 845 564 924 cujuscunque
595 845 632 900 ob
668 845 796 900 venialia
829 852 948 925 peccata
979 847 1131 916 impositae
1170 843 1171 902 l

131 925 332 995 'omissionem
353 925 379 984 si
399 931 580 994 conlemptus
602 923 687 990 absit,
709 941 770 979 ease
786 931 897 980 tantum
913 925 1071 981 venialem
1105 925 1130 979 Si

136 1013 232 1061 tamen
248 1005 447 1060 doniesearius
468 1005 556 1060 nimis
576 1004 676 1058 duram
691 1008 741 1060 aut
763 1004 912 1058 difficilem
928 1005 1133 1082 poeaitentiam

137 1087 278 1156 imponat,
300 1087 407 1155 poterit
421 1085 575 1154 poenitens
596 1083 634 1137 ab
648 1099 681 1138 eo
694 1085 853 1153 postulare,
874 1091 908 1138 ut
927 1075 1008 1138 illam
1025 1087 1135 1138 minuat

137 1173 187 1220 aut
215 1172 320 1235 mutet,
349 1165 395 1220 cui
423 1169 493 1218 tanc
515 1163 728 1229 confessarius,
759 1169 897 1234 quantuni
924 1165 1005 1218 licite
1036 1171 1134 1234 potest,
1170 1215 1171 1218 ,

138 1239 266 1299 annuere
284 1206 380 1311 ddbet,
405 1249 435 1298 ut
456 1243 540 1298 docet
559 1241 704 1318 Nauarrus
729 1257 753 1296 ι.
774 1241 823 1296 26
844 1257 873 1297 n.
895 1241 944 1296 20.
966 1259 1003 1297 ιιι
1024 1244 1135 1298 scilicet

137 1325 328 1380 confessionis
349 1331 376 1379 et
396 1324 593 1392 poeniteutiae
610 1315 713 1393 jugum
739 1323 828 1376 nimis
849 1337 1000 1376 onerosum
1023 1329 1056 1376 'et
1077 1339 1135 1378 exo
1170 1329 1171 1332 ’

49 1421 54 1427 “
137 1418 200 1458 sum
230 1401 376 1458 reddatur.
420 1401 503 1467 Quod
530 1403 555 1456 si
583 1398 783 1456 confessarius
811 1401 904 1466 pollet
930 1402 1066 1456 minnere
1094 1402 1134 1457 vel

38 1487 40 1494 '
138 1491 262 1549 mutare,
285 1483 392 1554 poterit
412 1483 576 1552 poenitens,
607 1489 761 1550 antequam
782 1483 905 1551 recipiat
925 1481 1134 1537 absolutionem

137 1564 229 1632 petita
246 1561 412 1617 humiliter·
432 1561 533 1628 venia,
564 1560 745 1614 Sacerdotem
776 1563 897 1616 alterum
926 1559 1023 1627 adire,
1056 1563 1134 1632 eique

136 1649 256 1712 paccata
276 1643 374 1696 omnia
389 1655 486 1694 rursus
501 1641 640 1708 confiteri,
663 1649 691 1695 et
710 1640 748 1695 ab
771 1655 805 1694 eo
818 1641 1028 1710 poenitentiam
1046 1644 1135 1696 mitio
1170 1707 1171 1716 χ

139 1728 249 1778 rem-at
271 1737 287 1774 a
307 1735 337 1775 se
356 1721 474 1776 facilius
496 1719 675 1790 implendam
698 1726 910 1790 acceptarent
931 1719 1015 1773 docet
1036 1721 1135 1774 Suares

139 1813 236 1870 snpra.
272 1801 332 1855 iuro
354 1801 379 1853 ai
399 1799 608 1870 poenitentiam
630 1813 717 1872 quarn
739 1801 902 1868 acceptavit
921 1799 1048 1868 implere
1072 1817 1137 1855 non-

138 1880 197 1932 nisi
218 1894 283 1934 cnm
301 1881 437 1958 maxima
465 1879 638 1934 dificultate
663 1880 770 1950 possit,
800 1881 906 1950 poterit
927 1879 1137 1948 eontesssrius,

140 1959 191 2030 qui
212 1973 275 2014 eam
296 1949 445 2039 imposuit,
457 1967 518 2014 aut
539 1957 637 2030 quiris
659 1959 733 2012 aliae
756 1960 842 2012 eiiam
864 1959 1072 2028 idololorum,
1094 1977 1138 2013 au

90 2043 97 2062 “
140 2037 202 2094 dita
222 2040 325 2094 iterum
349 2029 528 2097 oo'niessiona
550 2045 744 2108 peccatorum,
767 2038 974 2108 poenitentiam
997 2038 1087 2092 illam
1105 2055 1139 2092 ex

139 2132 228 2172 eausa
255 2120 355 2190 aliqua
377 2119 459 2190 justa
487 2125 515 2171 et
542 2117 711 2172 rationabili
741 2117 952 2172 mutare.1ta
979 2118 1136 2188 sylvester,

139 2197 315 2276 Heariques,
339 2199 454 2264 suares,
475 2197 613 2252 Valentia
634 2205 661 2252 et
682 2197 752 2264 alii,
775 2213 846 2267 quos
868 2197 938 2250 citat
958 2203 986 2250 et
1007 2201 1138 2269 sequitur

137 2277 324 2346 Laymannua
346 2285 427 2333 tract.
449 2277 477 2332 6.
497 2277 675 2340 desacrata.
687 2276 803 2332 Poeuit.
821 2291 884 2358 cap.
909 2273 954 2330 15.
976 2277 1030 2346 qui
1054 2280 1139 2332 etiarn
1170 2344 1171 2348 Ἰ

56 2370 63 2388 ¹
140 2354 250 2410 ibidem
272 2357 387 2425 subdit,
415 2357 598 2428 probabilem
619 2363 648 2409 et
669 2356 699 2409 in
723 2355 810 2426 praxi
838 2361 928 2410 tutam
957 2371 1018 2410 ease
1041 2373 1138 2412 eorum

138 2437 332 2504 saatemiam,
354 2438 405 2506 qai
433 2442 577 2502 asserunt,
607 2435 728 2492 alterum
753 2435 972 2495 &classariam
994 2451 1032 2493 ex
1054 2451 1140 2494 causa

96 2520 97 2523 ’
140 2516 240 2586 aliqua
256 2517 338 2589 justa
358 2517 581 2588 poeniteutiam
579 2522 696 2570 mutare
710 2529 806 2585 posse,
825 2516 912 2570 etiam
934 2530 993 2569 nou
1014 2517 1139 2586 repetita

136 2596 318 2651 confessione
337 2603 529 2666 peccatorum,
552 2593 589 2649 ob
605 2607 678 2664 quae
698 2595 836 2666 imposita
856 2594 961 2648 fuerit:
995 2595 1039 2650 sic
1061 2597 1139 2650 enirn

110 2689 112 2692 ’
139 2674 258 2728 docent
263 2673 417 2743 Vivaldus,
438 2673 598 2764 bleramus,
620 2672 767 2742 Victoria,
791 2673 910 2728 Toletus
931 2680 959 2728 et
979 2674 1045 2742 alii,
1068 2690 1138 2746 quos

18 2737 22 2822 'y
83 2832 85 2837 ‚
139 2751 249 2834 ibidem
272 2757 349 2810 citat.

172 2829 217 2864 *
239 2831 318 2900 Quae
338 2843 432 2890 tamen
461 2834 601 2898 renuntia
628 2831 797 2886 limitanda
809 2831 943 2900 videtur,
971 2831 1136 2904 adjectione
1170 2847 1171 2904 j

139 2911 225 2964 nnius
249 2911 435 2981 conditionis,
457 2915 596 2968 nimirum
617 2920 648 2966 ut
668 2913 720 2964 illa
738 2911 946 2978 Confessarius,
968 2927 986 2965 a
1007 2927 1067 2982 quo
1087 2927 1135 2983 po·
1170 2939 1171 2946 ’

138 2991 262 3047 stulatur
283 2999 315 3046 ιιι
335 2987 541 3068 poeaitentiam
568 2991 734 3062 impositam
761 2993 905 3058 immutet»,
934 2990 966 3044 id
994 2993 1085 3046 iaciat
1105 2992 1136 3044 in

137 3070 202 3140 ipso
232 3071 374 3126 tribunali
401 3069 611 3140 Poenitadtiaa,
640 3087 691 3125 seu
718 3071 749 3122 in
779 3077 845 3126 actu
872 3072 1077 3126 sacramentali
1099 3069 1137 3124 ad

137 3151 267 3206 tribuual
288 3149 366 3206 iliud
386 3152 556 3222 pertinento.
595 3148 679 3205 Ratio
701 3157 752 3216 ost,
775 3151 845 3220 quia
865 3151 1014 3221 impositio
1035 3150 1137 3220 poeni-

137 3231 244 3286 teutiae
266 3232 482 3289 sacramentalia
503 3237 535 3284 ut
554 3245 620 3302 pars
646 3230 798 3301 integralis
818 3231 942 3300 pertinet
963 3230 1002 3284 ad
1022 3237 1139 3284 senten-

136 3309 209 3362 tiam
227 3311 383 3366 tribunalis
399 3309 623 3378 sacramentalis,
644 3310 769 3378 ideoque
786 3303 880 3380 nequa
895 3311 990 3379 primo
1011 3309 1137 3381 imponi,
1170 3363 1171 3372 ,

138 3401 231 3456 neque
252 3397 352 3460 postea
377 3391 527 3444 immutari·
544 3397 653 3460 potest,
682 3390 740 3442 nisi
761 3390 878 3464 inipso
900 3388 1057 3457 tribunali,
1086 3397 1140 3444 aut

139 3468 259 3524 ic-actu
279 3470 379 3540 aliquo
401 3467 438 3522 ad
458 3466 536 3522 iliud
557 3471 725 3536 pertinente.

166 3545 226 3602 a&
245 3574 248 3583 =
269 3544 411 3614 Quaeres,
446 3557 504 3618 qao
538 3549 671 3616 tempore
695 3548 875 3636 poenitentia
894 3559 922 3602 ’a
942 3547 1138 3602 ‘confessario
