2360 3862
147 141 211 208 utu
469 156 508 202 nr
528 157 653 201 sensns
673 157 814 202 nonnus

146 280 219 334 lieet
236 277 355 344 electio,
385 291 541 336 cousensus
562 284 591 332 et
610 293 690 335 usus.
731 277 880 332 Eleotione
905 277 1044 332 volentes
1064 291 1148 344 pree·

146 359 206 414 lert.
223 364 251 412 et
271 356 455 428 amplectitur
475 373 564 412 unum
585 357 712 412 medium
732 369 804 426 pree
826 356 907 424 eliis,
929 371 1077 411 =eonsensu
1099 371 1148 425 np-

145 435 252 507 prohet
267 435 414 507 judicium
434 437 601 492 intellectus
624 437 701 491 eires
721 436 799 493 illud
813 435 951 503 medium,
974 451 1030 489 usn
1053 435 1148 505 sppli-

146 522 193 572 est
211 517 357 586 potentiss
379 517 417 572 sd
438 516 644 572 executionem.

205 595 353 662 Quaerunt
367 593 521 667 Theolugi,
542 603 636 650 utrum
653 593 757 650 eleetio
778 603 806 649 et
819 593 943 648 intentio
957 595 1019 647 sint
1034 608 1147 664 semper

144 681 225 734 setus
244 676 321 730 inter
341 690 371 730 se
399 676 516 732 realiter
543 673 693 740 distincti,
721 688 772 728 sen
801 689 838 728 sn
865 674 1002 728 νοΙιιιιιιι
1032 686 1090 728 nno
1117 679 1146 726 et

144 753 246 812 eotlem
267 762 333 810 netu
346 755 439 823 possit
453 755 529 810 velle
546 754 631 808 finem
652 761 680 808 et
698 752 802 808 medie.
837 751 1045 823 Respondetur
1060 751 1144 822 juxte

143 833 560 906 probabilioremsententism,
569 847 643 904 quse
651 840 693 890 est
701 833 788 888 etiem
798 832 966 886 S-Doeteris
974 833 1087 902 qneest.
1097 831 1141 886 tu.

144 921 196 968 ert.
216 911 247 966 t.
269 911 358 982 qnod,
380 914 513 982 quemvis
535 913 640 968 hiduo
661 913 821 970 voluntatis
842 918 923 966 setus
939 911 1143 981 utplurimum

144 994 221 1046 inter
241 989 520 1064 sedistingusntnr,
543 992 674 1047 obsolute
695 1000 790 1047 temen
812 989 957 1061 loquendo
979 997 1077 1060 potest
1096 1005 1143 1044 vo-

143 1071 241 1124 luntas
261 1083 320 1124 uno
342 1078 370 1126 et
389 1071 491 1133 eodem
512 1079 579 1126 ectu
600 1072 676 1127 velle
698 1071 784 1126 tinem
806 1085 839 1124 ne
856 1069 975 1136 medie3
996 1071 1074 1124 sieut
1095 1086 1143 1140 po-

136 1155 199 1222 test
218 1147 385 1208 intellectus
398 1152 577 1222 prineipinm
598 1158 627 1206 et
646 1151 863 1208 eonelusionem
881 1149 982 1212 eedem
996 1157 1065 1204 netu
1078 1164 1145 1221 eog-

145 1243 271 1284 noseere.
744 1240 748 1246 ’

205 1307 289 1374 Quod
309 1323 378 1364 vero
399 1316 510 1378 spectet
531 1309 670 1364 eductus
691 1310 863 1379 imperatos,
885 1315 927 1362 tot
947 1313 1015 1361 sunt
1036 1314 1066 1362 et
1085 1316 1142 1362 tum

142 1389 321 1456 multiplices
348 1394 377 1442 ot
403 1388 493 1456 varii,
522 1394 593 1459 quot
618 1395 648 1442 et
675 1403 762 1458 quem
790 1387 994 1456 multiplieiter
1017 1387 1059 1442 nh
1078 1387 1142 1457 ipss

141 1467 304 1534 voluntate,
326 1471 376 1522 sut
396 1466 464 1522 eliis
484 1468 638 1538 potentiis,
660 1467 699 1522 etl
719 1466 849 1538 ejusdem
868 1467 1030 1522 voluntatis
1051 1467 1141 1536 impe·

118 1547 218 1615 Nriuus
239 1547 368 1602 exerceri
389 1554 528 1616 possunt:
563 1545 728 1618 dequibus
757 1546 892 1602 omnibus
912 1546 1031 1616 plenius
1053 1553 1140 1618 egunt

142 1623 315 1695 Philosophi
325 1625 358 1678 in
367 1625 489 1692 Ethiols3
501 1623 632 1680 strideri
642 1633 738 1697 potest
746 1627 774 1681 S.
783 1626 889 1683 Doetor
899 1633 958 1680 tots
968 1633 1079 1696 quaest
1095 1625 1138 1681 tt.

154 1717 156 1730 ³
201 1702 230 1756 3.
272 1703 424 1758 Caeterum
445 1703 530 1760 donet
549 1705 628 1760 idem
650 1707 678 1761 S.
702 1705 830 1762 Thomss
850 1711 959 1776 qnnest.
985 1704 1010 1758 l.
1035 1712 1088 1762 srt.
1111 1705 1136 1759 3.

141 1796 240 1836 omnes
260 1788 357 1852 setus,
383 1783 434 1852 qui
455 1799 473 1838 s
491 1784 641 1842 voluntate
660 1783 787 1839 humens
807 1783 983 1855 procedunt,
1003 1785 1068 1839 sire
1089 1784 1141 1839 eli·

128 1860 482 1931 ‘eitessiveimperston
505 1863 687 1920 essentialem
708 1879 789 1920 suem
806 1863 999 1920 differentiam
1020 1879 1057 1919 ee
1076 1879 1140 1934 spe·

141 1940 214 1996 elem
236 1939 385 1998 desumere
407 1958 424 1996 e
444 1943 501 1996 flne
520 1945 669 2014 proximo,
698 1960 783 2016 quem
807 1958 894 2017 egeus
915 1950 1027 2012 spectet
1047 1951 1076 1999 et
1096 1944 1140 1998 iu·

140 2017 320 2089 lensiense
341 2029 392 2087 est,
413 2023 527 2079 ratione
547 2038 598 2080 sen
619 2023 743 2091 motivo,
771 2037 827 2094 quo
852 2030 984 2078 movetur
1002 2023 1137 2078 voluntas

138 2097 178 2154 etl
205 2099 320 2172 sliquid
347 2101 541 2172 oppetentium
566 2108 595 2156 et
619 2100 794 2169 volendum
824 2109 852 2156 et
872 2117 887 2156 e
908 2109 1028 2170 eontrs3
1061 2102 1138 2174 qnod

140 2181 281 2234 motivum
302 2188 422 2236 voentnr
443 2183 530 2236 etiem
551 2180 832 2252 objeetnm‘iormsle
853 2181 947 2252 Ipsius
966 2183 1134 2236 voluntatis.

138 2256 226 2312 Unde
247 2259 388 2328 sequitur,
410 2268 490 2316 setus
510 2261 594 2330 illos,
615 2263 669 2332 qni
688 2261 798 2317 hebent
816 2260 941 2318 eundem
962 2261 1050 2324 finem
1071 2277 1137 2332 pro-

137 2335 263 2406 ximum,
286 2351 335 2391 sen
356 2338 434 2396 idem
456 2339 601 2412 objectum
622 2341 756 2409 formale,
783 2355 844 2396 esse
866 2339 996 2411 ejusdem
1017 2342 1135 2412 speciei,

137 2417 250 2472 temetsi
270 2416 398 2472 hobeent
425 2417 541 2473 diverse
568 2417 686 2490 objeots
709 2421 890 2476 materialis:
924 2436 951 2473 v.
974 2436 1001 2491 g.
1022 2422 1050 2475 si
1071 2425 1134 2492 quis

132 2493 248 2566 jejunet
269 2504 297 2550 et
318 2497 529 2567 eleemosynam
550 2497 693 2570 largietur
714 2515 788 2570 pure
808 2499 845 2554 ob
864 2514 992 2564 umorem
1014 2500 1083 2568 Dei,
1105 2510 1134 2558 ut

136 2574 185 2630 illi
205 2577 334 2646 plseeet,
357 2584 388 2630 nt
409 2577 532 2647 gloriam
551 2577 601 2632 illi
621 2577 745 2648 deleret,
761 2577 910 2651 jejunium
931 2577 1060 2635 illudet
1080 2582 1136 2636 ele-

137 2667 275 2726 emosyna
297 2663 380 2710 erunt
400 2656 559 2712 formaliter
580 2665 661 2712 setus
683 2660 824 2726 caritatis,
847 2659 981 2730 quemvis
1003 2661 1135 2715 meteriu-

135 2731 204 2787 liter
232 2735 269 2786 ud
297 2736 417 2792 virtutes
446 2737 544 2808 speeie
572 2735 718 2806 diverses,
747 2737 939 2794 abstinentiae
966 2738 1083 2794 sotii-est
1108 2747 1134 2796 et

135 2810 364 2881 misericordiae,
384 2817 568 2884 pertineant3
597 2823 629 2871 et
648 2832 664 2872 e
684 2824 787 2874 eontra
807 2817 875 2873 illos
896 2823 977 2872 setus
992 2818 1133 2892 distingui

136 2890 243 2957 speeie,
266 2892 326 2958 qui,
347 2893 417 2948 lieet
436 2894 562 2953 hebeent
586 2896 666 2952 idem
687 2895 833 2970 objeetnm
855 2898 1015 2966 materiale,
1037 2914 1056 2952 s
1076 2915 1133 2954 mo-

134 2967 204 3022 tivis
225 2969 321 3037 speeie
342 2970 488 3030 distinctis
507 2976 659 3032 oriuntur:
692 2993 717 3034 o.
739 2995 766 3049 g.
788 2979 890 3048 oretis,
912 2991 986 3046 quse
1001 2979 1133 3034 motoru-

132 3047 201 3102 liter
221 3047 402 3105 considerate
423 3059 465 3106 est
482 3063 562 3109 setus
578 3055 695 3110 virtutis
716 3056 878 3127 religionis,
899 3056 997 3110 si'flst
1017 3072 1056 3112 ox
1077 3074 1134 3114 rno-

133 3129 193 3184 tire
215 3126 413 3184 setislseientli
427 3131 488 3187 Deo
508 3149 561 3204 pro
581 3136 721 3205 pennatis,
742 3136 799 3190 erit
819 3145 899 3192 setus
913 3137 1130 3205 poeniteutine3

130 3207 156 3261 si
177 3223 214 3264 ex
234 3209 344 3343 „figure
369 3209 496 3282 slieujus
517 3213 637 3269 ulterius
664 3214 793 3287 virtutis,
821 3217 859 3272 sd
887 3215 1026 3272 virtutem
1049 3216 1129 3272 illem

130 3288 244 3356 pertine
278 3293 299 3344 t.
