2316 3866
414 179 471 226 „oe
490 181 619 244 castres.
801 170 802 176 ’
948 164 1024 232 ,341

36 307 105 358 tiouc
125 301 249 372 'quidem
268 301 445 372 legislatoris
469 300 612 370 pendere,
640 315 677 354 on
698 302 828 356 vellere
853 303 918 371 ipsa
937 303 1028 374 impe·

34 399 99 449 rare,
123 391 154 436 et
176 395 273 436 veram
293 380 386 454 legem
409 378 579 447 concedere,
602 395 728 437 ansero
750 382 843 438 solum
865 381 1024 448 ostendere,

33 461 97 532 quid
126 459 272 532 agendum
301 457 339 516 sit
367 460 429 514 sine
458 459 516 514 ιιιο
547 460 670 530 imperio
680 479 700 526 ¹3·
722 459 773 516 sed
800 460 827 513 si
853 461 926 516 velit
953 463 1029 516 serio

31 543 170 610 imperare
194 546 235 594 et
241 555 338 594 veram
358 539 451 611 legem
480 539 620 606 condere,
648 554 705 594 nou
726 539 843 596 esseio
864 538 926 610 eJ'us
947 548 1029 613 pote-

32 628 111 688 state,
139 618 287 688 impedire
315 619 387 690 quin
409 619 460 672 lex
487 618 597 689 obliget
625 617 664 674 ad
684 619 805 677 mortale
838 619 886 673 rel
912 621 1026 728 veniale
1098 683 1103 698 Ι

29 717 76 770 pro
97 700 141 753 rei
163 697 373 770 magnitudine
385 697 435 752 rel
455 698 608 768 parvitate.
693 743 702 750 ,.

84 779 112 832 4.
154 777 319 846 Supersunt
340 777 435 833 adhuc
462 777 537 832 duee
567 777 645 832 circa
670 785 849 847 praesentem
874 776 1025 836 materiam

34 858 223 912 difficultates.
267 857 364 910 Prima
385 866 441 928 est,
463 873 499 910 au
520 858 569 910 lex
589 857 716 918 humana
736 857 799 914 sub·
811 863 930 928 peccato
945 869 1026 912 mor·

34 938 85 990 teli
103 936 236 1008 obligans
265 935 375 1008 obliget
390 939 488 991 etiam
517 951 582 991 eum
608 937 749 1006 periculo
772 937 860 992 ritae·
902 933 1027 1003 Quidam

35 1016 169 1086 Theologi
190 1015 324 1072 absolute
346 1024 461 1086 negant,
483 1023 511 1069 et
533 1015 586 1070 elii
606 1016 692 1087 lenge
716 1015 900 1085 probabilius
923 1014 1027 1070 distin·

33 1096 119 1149 ctione
149 1095 293 1150 utentium
324 1086 386 1148 esse
416 1095 593 1150 existimant.
634 1094 690 1150 Vel
719 1096 798 1156 enim,
823 1096 873 1150 lex
899 1095 1026 1150 bumana

32 1174 92 1228 talis
111 1176 161 1242 est,
187 1181 220 1228 nt
241 1175 324 1230 illius
346 1173 509 1228 observatio
524 1174 602 1229 bono
623 1175 769 1228 communi
790 1173 898 1230 tuendo
919 1174 958 1226 sit
977 1185 1027 1225 ne-

32 1255 175 1321 reseris,
194 1255 238 1306 ita
258 1262 291 1307 ut
314 1269 349 1307 ex
370 1253 453 1308 illius
478 1255 704 1323 transgressione
725 1267 811 1324 grave
833 1249 956 1322 aliquod
977 1248 1026 1308 de·

32 1333 193 1387 trimentum
213 1333 248 1386 in
269 1338 358 1388 totam
379 1333 613 1388 communitatem
639 1332 804 1386 derivetur:
837 1347 861 1394 e.
885 1348 910 1402 g.
933 1330 1024 1399 legem

31 1413 78 1467 iert
96 1413 262 1484 Episcopus
283 1419 410 1480 tempore
429 1413 528 1482 pestis·
545 1413 713 1482 grassantis,
744 1427 779 1465 ne
802 1411 967 1467 Sacerdotes
986 1423 1026 1462 ex

30 1492 94 1545 locis
106 1498 192 1561 peste
214 1491 335 1546 inseetis,
345 1491 506 1558 discedant,
528 1491 560 1548 in
576 1490 682 1565 quibus
698 1489 864 1550 Pastoribus
880 1487 1024 1545 defunctis

32 1571 98 1624 nulli
118 1571 176 1626 alii
201 1569 337 1637 oderunt,
366 1573 418 1643 qui
438 1569 626 1642 pereuntibus
649 1571 835 1636 Sacramenta
851 1569 1023 1624 ministrent.

31 1649 93 1704 Item
112 1652 275 1720 imperator
297 1648 430 1707 inbelle
451 1652 514 1720 lege
542 1649 602 1704 lato
626 1647 777 1719 prohibet,
807 1663 844 1702 ιιι
864 1649 971 1704 milites
992 1646 1023 1699 ιιι

31 1730 155 1784 excubiis
179 1720 324 1783 stationes
342 1745 407 1782 suas
436 1729 584 1796 deserant,
613 1745 649 1782 ne
671 1729 782 1783 scilicet
807 1733 843 1783 ιιι
865 1727 1025 1784 desertione
1067 1773 1072 1782 ,

31 1809 155 1866 stationis
179 1815 340 1879 strageset
359 1809 524 1879 profligatio
544 1807 632 1862 totius
647 1808 790 1862 exercitus
812 1806 1035 1878 sequaturzrinv

30 1887 84 1942 illie
104 1891 186 1943 enim
210 1887 330 1942 casibus.
341 1889 509 1942 Sacerdotes
530 1903 564 1943 ec
585 1888 693 1942 milites
706 1887 799 1940 ⁴etiem
816 1902 880 1942 eum
895 1885 1024 1956 periculo

31 1967 99 2021 vitae
126 1965 252 2022 obedire
282 1974 426 2034 ιιιιιιιιιιι,
460 1983 524 2022 cum
552 1965 661 2021 bonum
689 1968 834 2034 privatum
865 1963 1023 2020 secundem

31 2056 127 2102 rectam
149 2045 394 2100 rationem'bouo
417 2046 563 2100 communi
581 2047 717 2116 postponi
740 2045 851 2099 debeat.
887 2045 942 2098 Vel
957 2043 1023 2096 talis

30 2126 137 2178 ostilia
160 2126 226 2190 lex,
258 2134 289 2179 ut
309 2125 391 2180 illius
413 2124 576 2180 observatio
603 2125 696 2178 solum
717 2123 893 2192 particulare
914 2121 1023 2175 bonum

30 2205 173 2274 respiciat,
212 2211 244 2258 ut
271 2203 431 2276 jejunium,
468 2203 580 2258 auditio
601 2203 706 2258 Missae
742 2210 794 2256 etc.
830 2209 900 2255 tunc
935 2199 1021 2264 enim,

30 2285 154 2352 quamvis
178 2284 231 2336 lex
251 2283 305 2336 illa
331 2283 384 2338 sub
407 2283 522 2340 mortali
552 2281 695 2358 obliget,
703 2299 761 2336 ιιοιι
790 2289 884 2335 tamen
913 2279 1023 2352 obligat

29 2376 88 2416 cum
109 2364 191 2418 vitae
213 2370 260 2416 aut
283 2363 370 2416 etism
398 2363 529 2416 sanitatis
558 2361 746 2428 'omittenda-e,
774 2342 821 2415 rvel
851 2343 947 2432 gravis
969 2358 1023 2410 ali·
1040 2389 1043 2394 -

31 2441 103 2511 cujus
124 2441 233 2496 damni
253 2449 301 2496 aut
322 2441 499 2496 incommodi
521 2439 663 2509 subeundi
685 2440 829 2509 periculo,
854 2456 917 2492 cum
938 2437 1022 2490 nulla

30 2525 100 2574 tunc
111 2527 252 2591 suppetat
274 2521 359 2589 ratio,
390 2536 440 2574 eur
467 2521 619 2591 legislator
645 2535 712 2573 cum
739 2524 817 2572 tonte
848 2517 952 2570 damno
973 2514 1022 2568 vel

30 2600 153 2666 periculo
178 2600 215 2654 ad
238 2598 335 2671 legum
356 2612 470 2654 suarum
496 2599 727 2654 observationem
750 2597 867 2674 obliget.
908 2594 951 2648 Ita
973 2593 1023 2648 So·

31 2682 72 2730 tus
91 2678 169 2734 iu4.
201 2679 269 2734 dist.
291 2677 352 2732 22..
369 2686 479 2749 quaest.
504 2677 530 2733 1.
552 2688 604 2736 ert.
628 2678 655 2730 4
697 2669 834 2730 valentia
861 2675 970 2743 disput.
993 2672 1021 2726 ι.

33 2753 63 2810 de
81 2759 140 2830 lege
162 2761 301 2824 humana,
318 2758 458 2828 Vosques,
481 2759 583 2813 Suares
605 2763 632 2812 et
653 2757 706 2810 elii
727 2754 805 2824 apud
820 2755 1021 2824 Laymanubto

31 2849 88 2903 cap
110 2838 154 2892 tt.
180 2839 216 2893 de
238 2837 369 2909 legibus,
392 2840 443 2910 qui
465 2845 559 2892 tamen
581 2837 613 2889 id
633 2835 756 2900 limitat,
780 2833 936 2888 dummodo
958 2833 1023 2888 nnl-

33 2912 75 2966 lns
95 2916 167 2971 adsit
188 2917 263 2988 legis
284 2917 330 2972 vel
351 2917 525 2988 legislatoris
547 2917 736 2986 contemptus,
759 2915 872 2968 nullum
894 2914 964 2971 item
986 2926 1021 2965 ex

31 2993 182 3050 violatione
202 2997 277 3066 legis
296 2997 447 3052 immineat
463 3011 548 3067 grave
565 2993 753 3048 scandalum·
786 2994 906 3073 undeSr
922 2993 1023 3061 Augu-

31 3072 115 3128 stinus
147 3074 223 3130 dicit
251 3075 327 3130 libro
355 3075 391 3128 de
420 3075 497 3130 bono
526 3072 640 3166 conjug
670 3089 733 3142 cap.
765 3074 810 3128 to.
838 3076 927 3128 sotios
953 3085 1018 3130 esse,

26 3151 94 3219 some
114 3157 193 3220 mori,
216 3171 296 3227 quom
317 3155 470 3224 idolothytis
491 3155 569 3218 vesci,
593 3167 658 3208 cum
680 3152 817 3206 scandalo
840 3151 951 3210 scilicet
974 3147 1020 3201 vel

34 3233 178 3304 religionis
201 3241 859 3304 contemptu·

82 3315 109 3367 5.
153 3312 289 3368 Secunda
311 3313 468 3368 diitieultos
490 3319 549 3379 est,
576 3328 612 3366 en
634 3313 692 3368 sint
713 3313 829 3381 aliquae
851 3275 928 3378 leges
949 3319 1020 3375 pure

31 3393 179 3459 poenales,
204 3391 239 3446 id
260 3400 315 3460 est,
345 3407 418 3462 quae
439 3392 478 3450 ad
499 3393 590 3447 solam
610 3406 734 3460 poenam
763 3388 906 3457 obligent,
934 3393 966 3438 ct
984 3400 1021 3439 er

35 3481 146 3534 quarum
181 3473 405 3542 transgressione
436 3473 534 3526 nullus
564 3469 682 3540 peccsti
700 3474 810 3524 -reatus
845 3467 1049 3522 incenatus,

36 3543 153 3612 Quidam
176 3549 314 3626 theologi
336 3552 489 3627 affirmant,
512 3549 680 3606 aliirtemeir'
698 3545 883 3620 probabilius
903 3551 1020 3618 negant,
