2316 3866
102 86 167 166 tidtl
397 99 434 148 ns
455 99 601 151 urclcoer
622 98 812 197 eurffrrrrs.

143 433 146 442 .
363 367 367 372 ·
455 352 756 441 secuml
825 421 876 431 ,,

152 487 1010 606 expuo-summussarmrprmspeum

273 619 346 704 Ego
368 640 438 682 eum
458 615 616 682 Dominus
636 613 726 680 Deus
747 623 820 680 tuus
841 625 899 682 etc.

274 701 349 766 Non
370 700 502 767 hebebis
521 699 610 767 Deos
630 698 752 766 alienes
773 720 879 764 eersm
900 720 963 766 me.

175 873 201 928 i.
241 871 303 926 ‘Huc
323 869 449 938 primum
478 867 611 938 decalogi
638 875 823 938 praeceptum
855 867 969 937 duplex
996 877 1054 935 est,
1082 877 1111 922 ut
1153 834 1154 868 ¹

114 952 248 1008 obterunt
277 947 475 1006 catechismus
502 947 650 1002 Romanus
677 953 758 1017 perte
788 947 816 1002 il.
845 961 908 1016 cup.
926 946 959 1002 2.
989 963 1027 1002 ex
1056 964 1112 1002 une

115 1032 191 1086 enirn
213 1035 295 1097 parte
317 1028 429 1097 aliquid
446 1027 548 1098 jubet,
572 1041 608 1079 ex
630 1027 721 1085 ultera
742 1041 811 1084 vero
833 1025 947 1096 aliquid
967 1027 1115 1096 prohibet,

114 1116 214 1179 neque
235 1109 318 1162 illius
340 1122 455 1174 seusus,
484 1114 517 1162 ut
537 1106 648 1161 ibidem
674 1105 814 1164 hebetur:
846 1106 893 1160 Me
915 1123 1008 1160 cesum
1028 1107 1114 1160 Detur
1154 1106 1155 1164 i

113 1191 196 1252 mles,
224 1197 252 1244 et
272 1189 336 1242 Dt't‘r
361 1189 459 1242 altenis
487 1187 584 1240 cultum
611 1201 665 1242 nost
692 1186 852 1250 adlidebie5
883 1200 998 1256 exque
1027 1195 1113 1256 putet,
1154 1215 1155 1218 =

114 1268 192 1326 illud
212 1268 318 1337 pertint
341 1267 545 1322 affirmativum
567 1279 642 1329 esse,
665 1265 769 1334 purtim
792 1266 968 1336 negativum.
1010 1265 1053 1320 Es
1075 1275 1116 1320 est

115 1358 210 1405 sutem
231 1348 305 1402 ratic
326 1353 545 1416 praeceptorum
568 1345 818 1410 stflrmstivorum,
844 1351 878 1398 ut
899 1343 1033 1414 obligent
1053 1347 1115 1416 qui-

116 1431 181 1485 dem
201 1441 324 1496 semper,
346 1425 395 1480 sed
419 1439 476 1484 nou
496 1439 549 1493 pru
569 1439 699 1492 semper,
722 1432 753 1478 ut
773 1425 932 1494 loquuntur
954 1423 1115 1496 Theclcgi;
1155 1459 1156 1464 κ

115 1509 251 1579 negativa
271 1521 339 1561 vero
369 1513 491 1575 utruque
512 1503 598 1558 urcdc
619 1503 765 1580 obligent,
793 1502 906 1569 idest,
920 1511 968 1558 ‘ut
987 1505 1116 1574 explicet

116 1590 145 1647 s.
168 1587 296 1640 'Phomes
314 1583 342 1638 2.
365 1583 392 1638 2.
422 1591 530 1652 quaest.
553 1583 580 1638 3.
611 1589 664 1639 ert.
693 1583 720 1636 3.
750 1582 843 1653 quod,
872 1583 1007 1653 quemvis
1035 1599 1116 1654 prec-

117 1673 202 1738 cepte
220 1663 395 1718 sttirmstivs
415 1676 529 1729 semper
548 1661 676 1724 habeant
695 1663 757 1716 vim
775 1661 941 1732 obligandi,
962 1677 1021 1717 ncn
1044 1663 1115 1718 obli·
1156 1687 1157 1726 ι

112 1751 185 1816 gent
205 1749 299 1797 tumen
322 1741 359 1794 ud
381 1742 517 1804 continue
538 1739 715 1798 exercendos
737 1748 818 1794 nctus
837 1741 917 1810 illos,
938 1742 989 1811 qui
1013 1759 1065 1812 per
1085 1758 1115 1795 eu

115 1827 310 1894 imperentur,
340 1820 388 1874 sed
418 1835 471 1889 pro
492 1820 557 1874 loeo
585 1827 613 1874 ct
632 1829 774 1892 tempere,
801 1828 830 1876 et
857 1821 1017 1876 secuudum
1047 1822 1114 1876 elius

116 1899 349 1960 circumstantias
370 1897 496 1964 debitus,
526 1899 683 1955 secuudum
712 1915 783 1969 ques
801 1909 923 1970 cpcrtet
947 1907 1047 1961 cetum
1067 1902 1115 1955 hu-

116 1997 232 2040 manum
255 1980 391 2047 limitari,
421 1987 453 2032 ut
474 1979 512 2032 sit
532 1985 612 2034 actus
640 1980 778 2046 virtutis3
811 1987 840 2034 et
867 1995 935 2036 vero
963 1989 1115 2050 praecepte

118 2061 256 2133 negative
275 2061 378 2130 quovis
400 2059 465 2114 lcec
486 2065 514 2111 ct
535 2067 662 2126 ternpore
685 2058 825 2129 obligent.
861 2059 1001 2125 Quemvis
1024 2069 1115 2116 autern

114 2144 172 2198 lucc
193 2142 320 2210 primunr
342 2138 474 2208 decalogi
498 2145 700 2206 praeceptum,
730 2146 871 2208 quatenus
901 2139 1115 2204 sternacium,

115 2220 284 2291 praesertim
306 2223 414 2287 spectet
434 2217 585 2288 religionis
615 2225 710 2286 ectus,
741 2215 847 2287 quibus
867 2217 965 2274 cultus
987 2219 1051 2275 Deo
1072 2217 1116 2272 de

117 2301 196 2354 bitus
225 2297 395 2362 exhibetur,
427 2297 464 2350 ed
493 2296 571 2350 illud
599 2303 693 2354 tumen
723 2299 861 2356 victutum
891 2297 1117 2369 theologicarum

115 2385 198 2442 ectus
219 2374 320 2434 reduci
342 2375 456 2442 debent,
480 2383 512 2429 ut
532 2375 640 2431 dicitur
660 2377 691 2446 in
715 2376 828 2430 Cateclr.
849 2376 930 2431 Rom.
954 2394 1012 2448 quc
1036 2393 1117 2432 seusu

119 2461 154 2513 Sa
170 2457 350 2527 Augustinus
372 2456 403 2510 in
425 2452 542 2508 Euchir.
567 2470 591 2510 c.
612 2454 640 2510 3.
664 2455 753 2521 dixit,
778 2456 858 2520 bide,
881 2473 929 2526 epe
948 2475 984 2512 uc
1003 2459 1116 2512 caritate

118 2541 206 2592 mum
226 2553 283 2591 esee
304 2536 462 2588 colendum:
494 2533 724 2604 undeseqnltur,
748 2533 784 2588 ud
801 2544 906 2590 rectum
921 2538 1012 2605 primi
1035 2536 1116 2607 hujus

117 2616 265 2687 praecepti
286 2614 510 2684 intelligentiam
533 2614 656 2682 requiri,
678 2623 710 2668 ut
731 2615 926 2682 explicemus,
949 2616 1022 2686 quid
1045 2617 1117 2672 circu

119 2698 234 2764 Fidem,
262 2711 340 2763 spem
364 2709 396 2746 cc
418 2693 581 2758 ceritatem,
612 2693 683 2761 quid
704 2695 771 2748 item
794 2695 871 2748 circe
892 2695 1068 2766 religionem
1087 2695 1114 2748 in

52 2808 56 2814 ·
117 2775 172 2829 illc
193 2775 390 2843 praecipietur
410 2781 459 2826 cut
478 2771 677 2842 prohibentur.
740 2791 741 2796 ¹

581 2928 605 3000 ς.
638 2931 660 2984 ι.

119 3037 190 3101 Quid
211 3038 283 3090 circu
303 3033 397 3088 Fidem
412 3037 503 3104 prime
525 3037 647 3168 decchrltgqi
669 3046 817 3106 praecepto
833 3039 1043 3108 praecipiatur,
1073 3043 1116 3090 cut

520 3133 575 3184 pro
594 3117 604 3167 i
622 3125 707 3168 eatur.

91 3300 93 3306 Α
179 3237 205 3294 1.
248 3238 290 3291 De
311 3235 417 3289 virtute
439 3235 519 3290 Fidei
540 3237 681 3307 illiusque
701 3239 829 3306 propriis
852 3237 965 3293 actibus
989 3255 1022 3294 sc
1045 3237 1118 3295 chli-

118 3320 243 3388 guticne,
266 3331 340 3386 quse
361 3315 398 3367 ud
420 3316 489 3368 illes
511 3317 686 3371 exercendos
705 3318 863 3388 unicuique
884 3319 1038 3384 incumbit,
1061 3317 1118 3386 egi·

118 3413 181 3450 mus
210 3398 239 3446 in
269 3394 360 3461 priori
392 3391 479 3462 hujus
510 3396 605 3460 operis
637 3403 718 3464 purte
746 3405 827 3450 tract.
859 3396 885 3451 1.
913 3412 977 3466 cup.
1008 3398 1033 3451 1.
1068 3395 1117 3450 ubi

119 3473 263 3536 cifimus,
291 3471 405 3524 adultos
434 3486 621 3541 quoscunque
642 3475 680 3527 ud
705 3475 862 3530 credendes
891 3492 990 3532 ornnes
1011 3484 1039 3531 et
1062 3476 1118 3529 siu-
