2282 3876
252 75 271 154 [
314 86 359 144 pn.
373 84 472 144 oraru
492 87 652 137 ιιιιιιιιι
888 77 894 88 ’
916 70 976 159 biit

15 211 130 261 motuum
152 204 278 260 omninm
300 221 415 260 suorum
442 206 666 274 beneficiorum,
699 207 856 279 nullusque
884 216 980 280 pateat
1044 229 1048 234 ·

15 283 71 337 llum
92 283 240 338 absolvere
259 293 374 356 praeter
394 301 536 342 summum
558 286 746 356 Pontificem
774 287 860 346 etiam
881 291 906 343 si
928 289 976 347 dee

14 365 86 416 ictum
107 363 145 416 sit
167 361 318 431 occultum,
341 372 373 420 ut
393 363 516 422 habetur
535 367 565 419 in
588 363 674 420 Bulla
696 367 770 421 Sixti
784 366 820 420 V.
844 363 923 425 edita
943 369 988 438 in·

14 443 61 494 nale
89 449 288 512 promoventes
321 452 349 498 et
375 447 550 515 promotoa3'
572 445 653 517 qnod
684 441 905 518 intelligendum
933 455 976 504 est

14 537 41 575 ιο
59 522 92 576 ιιι
112 522 202 592 locis,
229 524 270 580 in,
288 523 395 594 quibus
413 524 511 583 ,Bulla
529 523 584 580 illa
604 526 789 602 promulgata
810 533 837 580 et
858 535 974 598 recepta
1069 535 1072 540 '

13 601 54 654 uit:
83 602 229 668 existimat
255 599 399 674 siquidem
427 605 543 663 Lartius
565 603 634 672 dub.
649 603 697 664 24.
719 605 801 660 illam
821 605 972 680 plerisque
1036 659 1039 664 .

13 695 23 732 ι
40 680 104 736 lacis
125 681 268 754 ignorari,
292 681 473 756 proindeque
493 700 552 739 non
575 699 636 738 esse
657 692 809 756 receptam.
950 681 954 689 “

46 757 69 816 2.
109 756 166 826 Qui
188 772 282 818 autem
304 761 443 820 Ordinem
463 764 592 834 aliquem
619 764 776 819 simoniace
804 766 973 835 susceperit,

14 846 33 892 st
49 843 306 896 excommunicatus
327 844 392 912 ipso
420 843 513 911 iacto,
540 847 572 900 at
598 842 721 898 habetur
748 842 796 899 cit.
824 853 972 930 extravag.

12 916 52 970 itm
70 921 238 993 detestabile,-
260 931 302 975 est
323 923 409 980 etiam
430 938 586 994 suspensus
607 921 645 978 ab
667 925 837 980 executione
854 939 970 984 enorum
1005 929 1008 934 '

11 995 121 1054 lilinum
151 1008 183 1058 ut
209 1000 319 1062 ibidem
342 999 465 1069 dicitnr,
497 1010 525 1058 et
551 1017 604 1075 per
632 1003 829 1074 supradictam
856 1003 970 1064 Bullam

11 1076 59 1130 lirti
71 1079 105 1131 V.
125 1082 261 1150 privatur
281 1079 415 1143 omnibus
438 1081 645 1152 dignitatibus,
672 1083 793 1148 officiis,
821 1079 972 1140 beneficiis
1001 1111 1003 1119 ι

11 1163 21 1206 t
37 1158 151 1214 efficitur
172 1159 314 1216 inhabilis
335 1160 371 1214 ad
392 1161 504 1228 omnia,
534 1177 588 1216 nec
616 1159 653 1220 ab
682 1162 741 1218 alio
769 1177 854 1232 quam
877 1162 971 1234 alto·
1066 1167 1071 1175 ’

10 1249 66 1290 nano
85 1237 226 1298 Pontiflce
246 1237 362 1296 absolvi
383 1255 467 1312 posse
490 1239 607 1298 dicitnr.

45 1315 171 1390 Denique
192 1319 243 1390 qui
256 1315 435 1378 ,beneficium
457 1321 614 1377 simoniace
636 1319 756 1386 confert,
771 1317 829 1376 'aut
844 1318 970 1378 conserti

10 1405 127 1464 trocnrat,
151 1396 303 1469 eligendo,
328 1399 556 1470 praesentando,
583 1397 796 1466 confirmando,
827 1413 970 1456 commen·
1057 1455 1061 1472 ,

9 1469 87 1542 lando,
109 1485 152 1536 est
173 1479 236 1550 ipso
257 1479 333 1540 iacto
354 1481 629 1545 excommunicatus,
650 1487 683 1533 ut
703 1479 826 1535 babetur
839 1494 875 1536 ex
890 1480 970 1534 citat.
1050 1530 1055 1540 x

9 1559 122 1628 ¹xtravag.
147 1557 214 1612 Cam
234 1558 407 1612 detectabile:
429 1573 503 1630 quae
524 1574 617 1630 poena
638 1559 725 1630 etiam
745 1558 856 1615 ibidem
872 1557 970 1630 decer·

9 1629 58 1686 titur
76 1645 174 1695 contra
194 1637 273 1706 illos,
296 1639 347 1710 qui
368 1653 484 1713 operam
505 1654 585 1698 suam
607 1639 809 1710 interponunt,
831 1644 862 1694 ut
882 1637 970 1692 bene·

8 1707 73 1766 tetum
94 1717 452 1790 simoniaceobtineatur,
480 1719 528 1784 vel
556 1725 587 1774 ιιι
610 1717 688 1774 Ordo
714 1717 872 1786 simoniace,
900 1731 968 1776 con-

8 1799 90 1848 eratne.

41 1869 64 1924 3,
103 1873 162 1942 Qui
183 1843 250 1939 vero
271 1871 443 1932 beneficium
465 1891 518 1947 per
538 1877 625 1932 talem
653 1867 806 1934 simoniam
832 1879 970 1950 acquirit,
1057 1879 1059 1887 '
1133 1873 1134 1886 ¹

9 1955 28 2000 ιι
44 1950 101 2019 ipso
122 1956 199 2010 facto
221 1956 501 2022 excommunicatus,
519 1964 553 2026 ,et
573 1956 692 2012 collatio
713 1971 746 2010 ac
766 1957 896 2030 provisio
917 1955 968 2012 be·

7 2027 72 2084 teficii
93 2034 253 2106 nullust,
283 2035 456 2106 nullumque
472 2033 525 2106 jus¹
544 2035 662 2102 tribuit,
691 2043 724 2089 nt
744 2035 776 2091 in
797 2035 898 2096 eadem,
918 2051 981 2092 cx»

7 2114 134 2181 ravaganti
157 2115 300 2184 statuitur,
319 2129 356 2170 ao
377 2115 497 2184 insuper
518 2115 552 2170 dt
569 2113 711 2182 inhabilia
732 2111 770 2170 ad
787 2111 864 2170 idem
877 2114 967 2169 bene·
1071 2141 1073 2148 ι

7 2185 70 2242 cium
90 2192 302 2262 obtinendum,
314 2201 346 2248 nt
365 2193 488 2249 habetur
509 2207 570 2266 cap.
592 2193 680 2250 Nobis
692 2193 752 2264 suit
774 2193 817 2260 de,
830 2193 964 2261 simonia,

7 2268 114 2337 tcapite
133 2274 296 2342 penultimo
325 2272 363 2328 de
381 2274 532 2330 electione.
581 2272 661 2350 Quae
687 2287 800 2344 poenae
829 2272 967 2348 similiter

7 2343 97 2404 nlictae
118 2361 187 2411 nunt
208 2359 309 2412 contra
327 2368 391 2419 eoe,
421 2354 471 2425 qui
495 2354 648 2408 timonium
674 2350 866 2412 confidentiae
888 2368 966 2408 com·
1069 2362 1076 2370 ⁴

7 2422 102 2498 tittunt,
123 2439 157 2486 ut
176 2433 269 2488 fusius
291 2433 420 2504 explicat
440 2432 557 2488 Lessius
577 2431 646 2488 dub.
662 2431 710 2489 26.
733 2481 736 2488 .

38 2503 175 2580 Quaeres,
200 2518 295 2566 utrum
316 2513 442 2582 pretium
463 2513 620 2568 simoniace
641 2518 790 2582 acceptum
816 2511 855 2565 ait
881 2511 966 2566 resti·

7 2582 115 2644 nendum,
159 2590 376 2662 Respondetur,
397 2591 489 2662 qnod,
512 2590 644 2662 quamvis
663 2590 812 2646 ‘Navarrris
834 2604 896 2661 cap.
912 2585 964 2645 23.

8 2671 51 2715 ιιι.
66 2665 117 2726 toa
133 2680 162 2726 et
179 2667 244 2744 tot.
258 2678 295 2729 ,ιι
315 2670 435 2744 qnidam
456 2672 509 2729 alii
531 2671 674 2742 Theologi
699 2669 873 2737 existiment,
893 2669 975 2724 nnl-'
1014 2705 1018 2714 ·

7 2749 35 2792 ¹111
52 2745 84 2800 ad
105 2748 138 2803 id
160 2764 221 2806 esse
246 2749 470 2822 obligationem,
496 2749 681 2824 probabilior
706 2756 801 2824 tamen
823 2754 850 2803 et
873 2749 964 2804 tutior
1019 2795 1020 2798 ,

7 2814 83 2880 idetnr
110 2830 255 2886 sententia
281 2817 423 2897 Adriani,
455 2829 590 2896 Henrici,
623 2827 684 2884 Soti
712 2837 740 2884 et
767 2829 985 2900 plurimorum,
1060 2883 1064 2890 ,

7 2891 90 2961 libram
117 2907 276 2972 Doctorum
308 2908 386 2980 apud
414 2909 545 2976 Lesaium
575 2907 644 2963 dub.
664 2907 711 2964 28.
741 2899 792 2980 qui
820 2915 962 2986 assepunt,

7 2980 91 3040 retium
111 2986 192 3048 illud
211 3003 271 3043 esse
292 2987 512 3058 restituendum,
535 3004 592 3058 non
609 2987 727 3059 quidem
742 2989 779 3054 θὶι
802 2987 852 3060 qui
868 2987 962 3068 dedit,
1021 3037 1026 3042 -

7 3053 28 3107 td
40 3058 184 3124 Ecclesiae
206 3068 253 3144 vei
273 3063 462 3140 pauperibus,
484 3077 516 3124 ut
537 3073 581 3124 ex'
594 3069 621 3123 S.
638 3068 749 3134 'l'homa
769 3067 878 3122 etalii·
892 3080 961 3137 pro-
1004 3079 1008 3086 ·

7 3139 252 3216 ttiuemieasjus
273 3143 406 3206 dubet.
502 3214 508 3222 ,
1021 3156 1025 3164 ⁴

21 3468 95 3534 aneti„
108 3475 204 3540 neu-m
219 3479 349 3542 ιιιιιοςιιι.
379 3480 406 3524 ιι
423 3451 432 3461 “
