2282 3876
448 191 486 234 nu
506 151 654 236 censuris.
985 173 1048 243 525

39 327 81 368 ex
105 310 287 382 coporeum
307 311 425 367 octono
449 308 494 364 ii.
517 311 669 380 quaesti.
691 317 719 364 et
740 327 802 381 cap.
825 311 1068 372 'contemtionem'

39 393 79 448 de
106 390 257 446 sententio
274 405 413 444 excomm.
436 391 466 444 iu
489 389 515 442 o.
538 389 595 442 uiti
615 391 769 448 necessitas
783 391 882 461 ulique
897 401 947 448 out
961 397 1047 458 ratio·

1 520 2 523 ,
39 471 171 526 nobilis
183 483 286 538 ceusu
287 469 396 522 trinum
418 469 500 522 illem
522 469 758 534 admonitionem,
781 471 971 540 sutplurium
987 475 1048 528 dio-

1 611 2 614 Ἴ
40 567 111 606 rum
134 549 326 604 intervallum
345 547 502 616 impediet,
531 557 563 600 ut
587 548 711 604 lrtbetur
730 565 766 604 ex
788 552 875 604 citato
895 553 991 621 capite
1012 549 1048 608 de

1 623 3 631 ⁸
39 630 198 687 sententia
219 643 357 684 excomm.
424 671 427 678 .
600 655 605 662 -
945 669 948 680 .

1 762 2 768 ,
107 709 137 762 2.
184 707 348 762 Secundum
371 715 429 774 est,
458 715 489 760 ut
510 719 630 762 censure
651 707 789 763 teretur
780 723 809 762 ιιι
836 711 960 779 scripto,
989 727 1046 782 quo

37 791 235 860 exprimatur
257 787 366 856 speeies
388 801 534 850 censurae,
557 801 631 856 quae
652 788 809 858 tetigitte·
826 803 931 842 nomeu
952 789 1046 855 illiuse

39 871 94 924 eui
124 867 288 938 infligitur,
319 874 346 919 et
375 881 476 931 causa,
500 865 540 920 ob
566 881 651 935 quam
673 867 830 937 infligitur3
859 866 931 922 alios
954 870 1047 924 iereut

1 952 2 955 ’
44 963 206 1004 censuram
228 947 290 1000 solo
312 945 399 999 verbo
421 945 483 1008 sine
505 945 649 1014 scripturo
662 947 821 1002 mortaliter
834 957 935 1016 peceat
950 946 1048 1020 (ut-ex
1127 982 1129 991 ,

45 1027 201 1083 communi
217 1026 372 1080 Doctorum
390 1039 532 1080 consensu
552 1023 636 1078 docet
649 1023 798 1080 Bououins
814 1041 878 1094 sup.
898 1037 989 1097 punct
1002 1028 1053 1100 8.)’

43 1107 237 1175 incurritque
259 1106 476 1173 suspensionem
496 1101 536 1156 ab
557 1106 687 1174 ingressu
715 1104 863 1160 Ecclesiae
889 1123 942 1176 per
970 1123 1048 1163 meu·

2 1193 6 1198 '
41 1203 136 1242 semu
153 1199 243 1255 quam
264 1187 350 1238 etism
370 1185 589 1252 suspensionem
609 1182 734 1238 incurrit
757 1185 800 1250 is,
829 1187 880 1255 qui
900 1189 978 1255 parti
996 1202 1048 1256 po·

41 1267 121 1322 tenti
146 1264 309 1318 sententiae
329 1263 405 1320 latae
427 1263 575 1332 exemplar
595 1277 652 1317 nou
673 1262 809 1318 concedit
821 1265 900 1318 iutro
912 1279 1047 1337 mousom,

41 1357 73 1400 ut
97 1344 231 1398 habetur
252 1358 288 1396 er
310 1357 372 1411 cap.
397 1343 463 1396 Oum
482 1343 651 1396 medicinalis
676 1342 712 1397 de
739 1345 881 1400 sententia
907 1355 1046 1402 excomm.

39 1428 74 1480 in
99 1425 132 1479 6.
178 1422 469 1478 Eximuuturtameu
492 1422 529 1474 ab
550 1423 605 1476 hac
632 1421 831 1492 suspensionis
858 1434 952 1492 poena
978 1423 1049 1496 Epi·

40 1506 135 1574 scopi
156 1504 292 1556 ¹ferentes
319 1513 467 1556 moturum
494 1503 557 1554 siue
578 1502 702 1570 seript03
731 1505 887 1558 nonenim
908 1504 939 1558 iu
959 1505 1052 1560 citato

39 1581 336 1654 capitenomentio
357 1581 583 1650 lipiscopcrum3
612 1579 732 1650 quondo
751 1590 845 1636 autem
866 1584 899 1636 in
919 1585 1049 1641 censuris

3 1653 6 1660 ’
39 1661 256 1733 suspensionis
278 1661 326 1714 vel
346 1656 493 1714 intendisti
515 1675 572 1713 nou
595 1661 626 1714 iit
646 1675 782 1730 expresse
803 1661 1049 1734 meutio'Episco·

1 1733 3 1738 ’
38 1757 168 1813 porum,¹
194 1745 300 1793 certum
323 1739 557 1808 ostpllpiscopos
578 1741 695 1795 iis‘nou
717 1740 857 1810 obligari,¹
874 1750 906 1797 ut
926 1743 1051 1798 hebetur

40 1841 79 1879 ex
105 1836 178 1890 cap.
203 1820 384 1872 Periculosum
407 1819 442 1871 de
463 1815 744 1874 sententexccmmr
774 1821 1050 1878 Eximuuturetiam
1085 1818 1088 1824 ’

39 1904 79 1958 ob
104 1903 169 1956 hac
193 1914 286 1968 poeno
308 1900 474 1968 quicunque
494 1900 655 1968 superiores
676 1901 798 1953 ferentes
820 1915 968 1956 sensurum
987 1903 1049 1959 siue

38 1985 175 2052 scripto,
200 1977 315 2048 quondo
337 1979 368 2031 id
386 1978 567 2040 solummodo
582 1978 744 2032 iociuntob
758 1989 908 2049 urgentem
921 1982 1050 2051 aliquem

40 2073 71 2120 et
87 2061 213 2133 justam
235 2073 366 2123 censam,
390 2066 420 2112 ut
441 2056 578 2112 observet
595 2057 673 2111 idem
694 2055 856 2125 Bonncina,
890 2062 1049 2129 quietiom
1103 2067 1106 2074 '

41 2151 127 2196 recte
153 2145 267 2203 monet,
296 2137 384 2207 quod
400 2138 533 2207 quumvis
556 2136 639 2190 nulls
659 2135 802 2206 ejusmodi
820 2149 909 2192 censa
931 2148 1049 2209 urgento

39 2221 196 2276 illicitum
217 2218 274 2284 eit
300 2230 448 2274 censuram
476 2217 605 2286 aliquam
634 2217 706 2272 terre
735 2220 797 2270 sine
815 2218 949 2287 scripto,
977 2218 1051 2320 haec
1083 2245 1088 2251 ·

40 2313 152 2356 tamen
174 2308 296 2351 censure
319 2296 418 2350 valide
439 2303 525 2358 ιιι.

150 2562 293 2660 Quaenam
314 2577 412 2614 causae
433 2559 467 2612 ob
489 2561 657 2658 incurrendis
677 2547 797 2622 censerit
818 2567 949 2615 excusent

111 2699 141 2754 1.
182 2697 318 2764 Quattuor
338 2696 493 2764 praecipue
515 2653 710 2766 a'l'lieclogis
726 2653 918 2753 numeruntur.
952 2695 1051 2752 Prima
1120 2705 1123 2710 ’

40 2790 90 2836 est
112 2777 288 2849 ignorantia
307 2773 492 2830 invincibilis
514 2790 564 2828 eeu
585 2775 776 2842 inculpabilis
796 2783 856 2830 tum
873 2775 967 2846 juris,
990 2785 1050 2832 tunt

42 2860 134 2915 lacti.
185 2857 278 2924 Atque
299 2855 336 2907 iu
352 2853 458 2923 primis
476 2856 636 2908 communis
641 2859 700 2929 [est
721 2855 876 2908 Doctorum
898 2859 1050 2927 sententis,

42 2934 252 3011 ignorantium
275 2933 486 3004 inculpabilem
498 2934 578 3002 juris
590 2949 727 2988 excusare
742 2934 779 2987 ob
794 2934 970 2990 incurrendo
983 2946 1054 3006 qua-

41 3020 91 3073 vis
120 3029 351 3071 censurortcum
373 3014 437 3086 quis
458 3014 571 3068 seilicet
590 3011 811 3081 inculpabiliter
832 3016 956 3084 ignorat,
985 3029 1053 3083 pro-
1114 3047 1117 3054 ι

39 3098 234 3154 bibitionem
255 3093 384 3162 aliquem
405 3104 456 3150 aut
481 3093 575 3160 legem
603 3093 691 3146 lutam
719 3108 780 3152 esse
808 3093 912 3163 o'·jure
939 3094 999 3146 vel·¹
1015 3092 1052 3147 ab

38 3177 186 3234 homine.
229 3172 314 3226 Ratio
336 3181 392 3241 est,
414 3173 484 3242 quio
504 3171 542 3224 oti
562 3170 765 3225 incurrendum
787 3187 936 3226 censuram
958 3173 1054 3242 requi·

40 3262 126 3315 ritur
151 3252 355 3318 coutumacis3
376 3253 429 3306 sod
449 3250 604 3304 ubineolest
623 3253 787 3322 ignorantie
801 3251 945 3321 ejusmodi
959 3252 1054 3306 incul-

39 3335 184 3408 pabilis,
207 3323 293 3384 nulls
311 3329 497 3392 committitur
518 3332 714 3397 contumacie3
745 3343 811 3400 ergo
834 3345 891 3408 nec
907 3331 969 3384 ulls
990 3343 1054 3385 cen-

42 3431 123 3472 surat
147 3412 318 3466 incurritur.
361 3411 405 3466 Ito
422 3411 576 3480 sylvester,
598 3410 751 3478 Novanus,
766 3407 1055 3482 *ilenriqoessliliu-

42 3499 136 3560 otus,
172 3491 275 3546 Sunres
303 3499 330 3545 et
358 3491 421 3544 aliin
438 3488 516 3558 apud
544 3490 720 3544 Bououinsm
749 3505 795 3561 qu.
812 3489 839 3544 2.
861 3498 958 3559 punct.
977 3489 1003 3544 1.
1025 3496 1055 3544 et

44 3575 187 3630 liabetur
208 3586 245 3624 ex
265 3585 331 3640 cept
347 3570 486 3626 secundo·
499 3571 612 3624 constit.
631 3571 657 3624 6·.
681 3568 757 3624 uude
779 3569 937 3642 colligitur,
958 3569 1055 3638 illum,
1133 3623 1137 3630 ,
