<?xml version="1.0" encoding="UTF-8"?>
<!DOCTYPE html PUBLIC "-//W3C//DTD XHTML 1.0 Transitional//EN"
    "http://www.w3.org/TR/xhtml1/DTD/xhtml1-transitional.dtd">
<html xmlns="http://www.w3.org/1999/xhtml" xml:lang="en" lang="en">
 <head>
  <title>
</title>
<meta http-equiv="Content-Type" content="text/html;charset=utf-8" />
  <meta name='ocr-system' content='tesseract 3.04.00' />
  <meta name='ocr-capabilities' content='ocr_page ocr_carea ocr_par ocr_line ocrx_word'/>
</head>
<body>
  <div class='ocr_page' id='page_1' title='image "./medullatheologi00abelgoog_0489.png"; bbox 0 0 2282 3876; ppageno 0'>
   <div class='ocr_carea' id='block_1_1' title="bbox 144 158 854 226">
    <p class='ocr_par' dir='ltr' id='par_1_1' title="bbox 144 158 854 226">
     <span class='ocr_line' id='line_1_1' title="bbox 144 158 854 226; baseline 0 -11"><span class='ocrx_word' id='word_1_1' title='bbox 144 158 207 226; x_wconf 71' lang='grc'>484</span> <span class='ocrx_word' id='word_1_2' title='bbox 440 171 477 216; x_wconf 84' lang='lat' dir='ltr'>aa</span> <span class='ocrx_word' id='word_1_3' title='bbox 500 170 645 218; x_wconf 76' lang='lat' dir='ltr'>muscum</span> <span class='ocrx_word' id='word_1_4' title='bbox 666 163 854 220; x_wconf 71' lang='lat' dir='ltr'>rasamenta</span> 
     </span>
    </p>
   </div>
   <div class='ocr_carea' id='block_1_2' title="bbox 94 292 1117 3546">
    <p class='ocr_par' dir='ltr' id='par_1_2' title="bbox 101 292 1112 1074">
     <span class='ocr_line' id='line_1_2' title="bbox 101 292 1092 362; baseline -0.009 -9"><span class='ocrx_word' id='word_1_5' title='bbox 101 294 104 304; x_wconf 93' lang='lat'>&#39;</span> <span class='ocrx_word' id='word_1_6' title='bbox 149 304 280 362; x_wconf 86' lang='lat' dir='ltr'>tenetur;</span> <span class='ocrx_word' id='word_1_7' title='bbox 311 301 379 349; x_wconf 90' lang='lat' dir='ltr'>tunc</span> <span class='ocrx_word' id='word_1_8' title='bbox 400 293 477 348; x_wconf 91' lang='lat' dir='ltr'>euim</span> <span class='ocrx_word' id='word_1_9' title='bbox 499 292 621 359; x_wconf 84' lang='lat' dir='ltr'>euiflcit,</span> <span class='ocrx_word' id='word_1_10' title='bbox 651 293 693 346; x_wconf 89' lang='lat' dir='ltr'>rei</span> <span class='ocrx_word' id='word_1_11' title='bbox 714 292 844 348; x_wconf 83' lang='lat' dir='ltr'>valorem</span> <span class='ocrx_word' id='word_1_12' title='bbox 867 292 981 349; x_wconf 85' lang='lat' dir='ltr'>reddere.</span> <span class='ocrx_word' id='word_1_13' title='bbox 1016 293 1092 348; x_wconf 81' lang='lat' dir='ltr'>iacun-</span> 
     </span>
     <span class='ocr_line' id='line_1_3' title="bbox 150 371 1112 442; baseline -0.007 -11"><span class='ocrx_word' id='word_1_14' title='bbox 150 377 204 431; x_wconf 91' lang='lat' dir='ltr'>dus</span> <span class='ocrx_word' id='word_1_15' title='bbox 226 382 281 442; x_wconf 87' lang='lat' dir='ltr'>cst,</span> <span class='ocrx_word' id='word_1_16' title='bbox 311 389 376 429; x_wconf 92' lang='lat' dir='ltr'>cum</span> <span class='ocrx_word' id='word_1_17' title='bbox 403 389 447 427; x_wconf 89' lang='lat' dir='ltr'>res</span> <span class='ocrx_word' id='word_1_18' title='bbox 476 380 593 442; x_wconf 84' lang='lat' dir='ltr'>accepta</span> <span class='ocrx_word' id='word_1_19' title='bbox 618 371 745 427; x_wconf 83' lang='lat' dir='ltr'>deterior</span> <span class='ocrx_word' id='word_1_20' title='bbox 771 373 850 428; x_wconf 84' lang='lat' dir='ltr'>iacta</span> <span class='ocrx_word' id='word_1_21' title='bbox 878 380 935 440; x_wconf 69' lang='lat' dir='ltr'>est,</span> <span class='ocrx_word' id='word_1_22' title='bbox 963 380 1019 426; x_wconf 89' lang='lat' dir='ltr'>tunc</span> <span class='ocrx_word' id='word_1_23' title='bbox 1039 372 1112 426; x_wconf 54' lang='lat' dir='ltr'>coin*</span> 
     </span>
     <span class='ocr_line' id='line_1_4' title="bbox 151 451 1093 520; baseline -0.007 -11"><span class='ocrx_word' id='word_1_24' title='bbox 151 455 200 510; x_wconf 78' lang='lat' dir='ltr'>vel</span> <span class='ocrx_word' id='word_1_25' title='bbox 220 455 302 509; x_wconf 91' lang='lat' dir='ltr'>iliius</span> <span class='ocrx_word' id='word_1_26' title='bbox 323 454 406 508; x_wconf 86' lang='lat' dir='ltr'>valor</span> <span class='ocrx_word' id='word_1_27' title='bbox 424 451 587 506; x_wconf 82' lang='lat' dir='ltr'>reddendus</span> <span class='ocrx_word' id='word_1_28' title='bbox 608 459 660 520; x_wconf 86' lang='lat' dir='ltr'>cst,</span> <span class='ocrx_word' id='word_1_29' title='bbox 682 460 732 506; x_wconf 85' lang='lat' dir='ltr'>ant</span> <span class='ocrx_word' id='word_1_30' title='bbox 752 451 834 508; x_wconf 91' lang='lat' dir='ltr'>illius</span> <span class='ocrx_word' id='word_1_31' title='bbox 850 453 969 509; x_wconf 84' lang='lat' dir='ltr'>deiectus</span> <span class='ocrx_word' id='word_1_32' title='bbox 981 453 1019 506; x_wconf 84' lang='lat' dir='ltr'>vel</span> <span class='ocrx_word' id='word_1_33' title='bbox 1034 451 1093 505; x_wconf 91' lang='lat' dir='ltr'>dini-</span> 
     </span>
     <span class='ocr_line' id='line_1_5' title="bbox 150 531 1091 606; baseline -0.009 -16"><span class='ocrx_word' id='word_1_34' title='bbox 150 535 233 592; x_wconf 86' lang='lat' dir='ltr'>nntio</span> <span class='ocrx_word' id='word_1_35' title='bbox 254 532 428 604; x_wconf 87' lang='lat' dir='ltr'>supplenda,</span> <span class='ocrx_word' id='word_1_36' title='bbox 449 539 536 604; x_wconf 79' lang='lat' dir='ltr'>prout</span> <span class='ocrx_word' id='word_1_37' title='bbox 556 531 691 589; x_wconf 87' lang='lat' dir='ltr'>dominus</span> <span class='ocrx_word' id='word_1_38' title='bbox 713 533 853 606; x_wconf 74' lang='lat' dir='ltr'>elegerit,</span> <span class='ocrx_word' id='word_1_39' title='bbox 884 547 1015 602; x_wconf 73' lang='lat' dir='ltr'>possessor</span> <span class='ocrx_word' id='word_1_40' title='bbox 1029 539 1091 584; x_wconf 83' lang='lat' dir='ltr'>uuer</span> 
     </span>
     <span class='ocr_line' id='line_1_6' title="bbox 150 609 1092 683; baseline -0.008 -13"><span class='ocrx_word' id='word_1_41' title='bbox 150 615 244 673; x_wconf 81' lang='lat' dir='ltr'>bonae</span> <span class='ocrx_word' id='word_1_42' title='bbox 264 613 359 680; x_wconf 81' lang='lat' dir='ltr'>Fidei,</span> <span class='ocrx_word' id='word_1_43' title='bbox 381 613 457 666; x_wconf 89' lang='lat' dir='ltr'>siout</span> <span class='ocrx_word' id='word_1_44' title='bbox 478 609 512 666; x_wconf 92' lang='lat' dir='ltr'>de</span> <span class='ocrx_word' id='word_1_45' title='bbox 534 612 688 667; x_wconf 80' lang='lat' dir='ltr'>amissione</span> <span class='ocrx_word' id='word_1_46' title='bbox 709 613 762 681; x_wconf 88' lang='lat' dir='ltr'>rei,</span> <span class='ocrx_word' id='word_1_47' title='bbox 784 627 871 683; x_wconf 90' lang='lat' dir='ltr'>quam</span> <span class='ocrx_word' id='word_1_48' title='bbox 891 611 964 666; x_wconf 88' lang='lat' dir='ltr'>bona</span> <span class='ocrx_word' id='word_1_49' title='bbox 981 611 1034 666; x_wconf 83' lang='lat' dir='ltr'>lide</span> <span class='ocrx_word' id='word_1_50' title='bbox 1046 625 1092 679; x_wconf 83' lang='lat' dir='ltr'>pos-</span> 
     </span>
     <span class='ocr_line' id='line_1_7' title="bbox 150 690 1091 760; baseline -0.009 -10"><span class='ocrx_word' id='word_1_51' title='bbox 150 693 235 760; x_wconf 83' lang='lat' dir='ltr'>sidet,</span> <span class='ocrx_word' id='word_1_52' title='bbox 258 694 299 747; x_wconf 88' lang='lat' dir='ltr'>sic</span> <span class='ocrx_word' id='word_1_53' title='bbox 320 693 405 746; x_wconf 88' lang='lat' dir='ltr'>etiarn</span> <span class='ocrx_word' id='word_1_54' title='bbox 420 690 457 744; x_wconf 90' lang='lat' dir='ltr'>de</span> <span class='ocrx_word' id='word_1_55' title='bbox 477 691 559 746; x_wconf 88' lang='lat' dir='ltr'>illius</span> <span class='ocrx_word' id='word_1_56' title='bbox 579 692 782 746; x_wconf 77' lang='lat' dir='ltr'><strong>imminutione</strong></span> <span class='ocrx_word' id='word_1_57' title='bbox 802 699 854 748; x_wconf 89' lang='lat' dir='ltr'>aut</span> <span class='ocrx_word' id='word_1_58' title='bbox 873 691 903 744; x_wconf 87' lang='lat' dir='ltr'>in</span> <span class='ocrx_word' id='word_1_59' title='bbox 925 691 1028 746; x_wconf 84' lang='lat' dir='ltr'>deterior</span> <span class='ocrx_word' id='word_1_60' title='bbox 1041 703 1091 742; x_wconf 82' lang='lat' dir='ltr'>nm·</span> 
     </span>
     <span class='ocr_line' id='line_1_8' title="bbox 151 767 1091 840; baseline -0.012 -10"><span class='ocrx_word' id='word_1_61' title='bbox 151 773 311 830; x_wconf 78' lang='lat' dir='ltr'>mutatione</span> <span class='ocrx_word' id='word_1_62' title='bbox 335 769 508 840; x_wconf 87' lang='lat' dir='ltr'>respondere</span> <span class='ocrx_word' id='word_1_63' title='bbox 536 786 594 826; x_wconf 91' lang='lat' dir='ltr'>non</span> <span class='ocrx_word' id='word_1_64' title='bbox 622 778 742 825; x_wconf 87' lang='lat' dir='ltr'>tenetur.</span> <span class='ocrx_word' id='word_1_65' title='bbox 785 771 900 825; x_wconf 78' lang='lat' dir='ltr'>Tertius</span> <span class='ocrx_word' id='word_1_66' title='bbox 926 786 999 825; x_wconf 86' lang='lat' dir='ltr'>casus</span> <span class='ocrx_word' id='word_1_67' title='bbox 1020 777 1056 836; x_wconf 87' lang='lat' dir='ltr'>ert,</span> <span class='ocrx_word' id='word_1_68' title='bbox 1073 767 1091 819; x_wconf 87' lang='lat' dir='ltr'>ri</span> 
     </span>
     <span class='ocr_line' id='line_1_9' title="bbox 152 849 1091 924; baseline -0.012 -14"><span class='ocrx_word' id='word_1_69' title='bbox 152 869 190 910; x_wconf 79' lang='lat' dir='ltr'>ex</span> <span class='ocrx_word' id='word_1_70' title='bbox 209 849 337 924; x_wconf 87' lang='lat' dir='ltr'>ejusdem</span> <span class='ocrx_word' id='word_1_71' title='bbox 356 851 401 906; x_wconf 86' lang='lat' dir='ltr'>rei</span> <span class='ocrx_word' id='word_1_72' title='bbox 422 851 602 906; x_wconf 72' lang='lat' dir='ltr'>restitutione</span> <span class='ocrx_word' id='word_1_73' title='bbox 622 851 698 904; x_wconf 82' lang='lat' dir='ltr'>fama</span> <span class='ocrx_word' id='word_1_74' title='bbox 726 851 903 906; x_wconf 80' lang='lat' dir='ltr'>restituentis</span> <span class='ocrx_word' id='word_1_75' title='bbox 923 849 1091 920; x_wconf 70' lang='lat' dir='ltr'>periclitaretur,</span> 
     </span>
     <span class='ocr_line' id='line_1_10' title="bbox 152 926 1093 1000; baseline -0.011 -13"><span class='ocrx_word' id='word_1_76' title='bbox 152 939 202 988; x_wconf 83' lang='lat' dir='ltr'>aut</span> <span class='ocrx_word' id='word_1_77' title='bbox 222 928 342 1000; x_wconf 82' lang='lat' dir='ltr'>aliquod</span> <span class='ocrx_word' id='word_1_78' title='bbox 367 929 495 985; x_wconf 89' lang='lat' dir='ltr'>notabile</span> <span class='ocrx_word' id='word_1_79' title='bbox 524 930 661 987; x_wconf 77' lang='lat' dir='ltr'>damnum</span> <span class='ocrx_word' id='word_1_80' title='bbox 689 930 747 1000; x_wconf 88' lang='lat' dir='ltr'>ipsi</span> <span class='ocrx_word' id='word_1_81' title='bbox 776 932 942 997; x_wconf 78' lang='lat' dir='ltr'>timeretu13</span> <span class='ocrx_word' id='word_1_82' title='bbox 970 937 1025 986; x_wconf 89' lang='lat' dir='ltr'>tuuc</span> <span class='ocrx_word' id='word_1_83' title='bbox 1044 926 1093 982; x_wconf 88' lang='lat' dir='ltr'>eoin</span> 
     </span>
     <span class='ocr_line' id='line_1_11' title="bbox 146 1008 672 1074; baseline -0.006 -9"><span class='ocrx_word' id='word_1_84' title='bbox 146 1009 269 1074; x_wconf 78' lang='lat' dir='ltr'>cuidoit,</span> <span class='ocrx_word' id='word_1_85' title='bbox 291 1009 375 1063; x_wconf 81' lang='lat' dir='ltr'>illius</span> <span class='ocrx_word' id='word_1_86' title='bbox 396 1009 523 1064; x_wconf 88' lang='lat' dir='ltr'>valorem</span> <span class='ocrx_word' id='word_1_87' title='bbox 544 1008 672 1070; x_wconf 82' lang='lat' dir='ltr'>reddere.</span> 
     </span>
    </p>

    <p class='ocr_par' dir='ltr' id='par_1_3' title="bbox 117 1087 1115 1623">
     <span class='ocr_line' id='line_1_12' title="bbox 211 1087 1095 1160; baseline -0.009 -16"><span class='ocrx_word' id='word_1_88' title='bbox 211 1087 239 1144; x_wconf 75' lang='lat'>2.</span> <span class='ocrx_word' id='word_1_89' title='bbox 280 1088 338 1156; x_wconf 86' lang='lat' dir='ltr'>Qui</span> <span class='ocrx_word' id='word_1_90' title='bbox 353 1096 454 1144; x_wconf 82' lang='lat' dir='ltr'>autem</span> <span class='ocrx_word' id='word_1_91' title='bbox 474 1087 582 1159; x_wconf 86' lang='lat' dir='ltr'>injuste</span> <span class='ocrx_word' id='word_1_92' title='bbox 603 1088 740 1144; x_wconf 89' lang='lat' dir='ltr'>damnum</span> <span class='ocrx_word' id='word_1_93' title='bbox 762 1088 884 1160; x_wconf 86' lang='lat' dir='ltr'>aliquod</span> <span class='ocrx_word' id='word_1_94' title='bbox 904 1088 1001 1154; x_wconf 88' lang='lat' dir='ltr'>intulit,</span> <span class='ocrx_word' id='word_1_95' title='bbox 1018 1093 1095 1139; x_wconf 86' lang='lat' dir='ltr'>teoctru</span> 
     </span>
     <span class='ocr_line' id='line_1_13' title="bbox 151 1164 1096 1238; baseline -0.011 -12"><span class='ocrx_word' id='word_1_96' title='bbox 151 1168 229 1226; x_wconf 88' lang='lat' dir='ltr'>illud</span> <span class='ocrx_word' id='word_1_97' title='bbox 251 1183 436 1238; x_wconf 86' lang='lat' dir='ltr'>compensare</span> <span class='ocrx_word' id='word_1_98' title='bbox 463 1167 621 1224; x_wconf 85' lang='lat' dir='ltr'>secundum</span> <span class='ocrx_word' id='word_1_99' title='bbox 650 1169 878 1224; x_wconf 67' lang='lat' dir='ltr'>aestimationem</span> <span class='ocrx_word' id='word_1_100' title='bbox 903 1169 956 1223; x_wconf 84' lang='lat' dir='ltr'>viri</span> <span class='ocrx_word' id='word_1_101' title='bbox 974 1164 1096 1238; x_wconf 85' lang='lat' dir='ltr'>prudentis:</span> 
     </span>
     <span class='ocr_line' id='line_1_14' title="bbox 151 1245 1097 1320; baseline -0.011 -15"><span class='ocrx_word' id='word_1_102' title='bbox 151 1247 230 1305; x_wconf 87' lang='lat' dir='ltr'>unde</span> <span class='ocrx_word' id='word_1_103' title='bbox 252 1247 302 1320; x_wconf 90' lang='lat' dir='ltr'>qui</span> <span class='ocrx_word' id='word_1_104' title='bbox 324 1249 433 1302; x_wconf 86' lang='lat' dir='ltr'>animal</span> <span class='ocrx_word' id='word_1_105' title='bbox 453 1247 576 1318; x_wconf 88' lang='lat' dir='ltr'>aliquod</span> <span class='ocrx_word' id='word_1_106' title='bbox 596 1247 627 1300; x_wconf 90' lang='lat' dir='ltr'>in</span> <span class='ocrx_word' id='word_1_107' title='bbox 649 1255 746 1304; x_wconf 83' lang='lat' dir='ltr'>tenera</span> <span class='ocrx_word' id='word_1_108' title='bbox 761 1256 860 1303; x_wconf 85' lang='lat' dir='ltr'>aetate</span> <span class='ocrx_word' id='word_1_109' title='bbox 881 1245 993 1313; x_wconf 87' lang='lat' dir='ltr'>occidit,</span> <span class='ocrx_word' id='word_1_110' title='bbox 1013 1246 1049 1299; x_wconf 86' lang='lat' dir='ltr'>rei</span> <span class='ocrx_word' id='word_1_111' title='bbox 1064 1257 1097 1296; x_wconf 86' lang='lat' dir='ltr'>no</span> 
     </span>
     <span class='ocr_line' id='line_1_15' title="bbox 151 1325 1096 1398; baseline -0.011 -13"><span class='ocrx_word' id='word_1_112' title='bbox 151 1329 246 1384; x_wconf 78' lang='lat' dir='ltr'>vellus</span> <span class='ocrx_word' id='word_1_113' title='bbox 267 1327 403 1382; x_wconf 87' lang='lat' dir='ltr'>arborum</span> <span class='ocrx_word' id='word_1_114' title='bbox 429 1328 624 1398; x_wconf 85' lang='lat' dir='ltr'>plantationes</span> <span class='ocrx_word' id='word_1_115' title='bbox 653 1327 828 1395; x_wconf 83' lang='lat' dir='ltr'>eradicavit,</span> <span class='ocrx_word' id='word_1_116' title='bbox 857 1335 966 1382; x_wconf 85' lang='lat' dir='ltr'>tenetur</span> <span class='ocrx_word' id='word_1_117' title='bbox 991 1325 1096 1380; x_wconf 77' lang='lat' dir='ltr'>metimur</span> 
     </span>
     <span class='ocr_line' id='line_1_16' title="bbox 151 1405 1115 1480; baseline -0.011 -16"><span class='ocrx_word' id='word_1_118' title='bbox 151 1424 210 1464; x_wconf 86' lang='lat' dir='ltr'>noa</span> <span class='ocrx_word' id='word_1_119' title='bbox 233 1415 371 1480; x_wconf 84' lang='lat' dir='ltr'>quantum</span> <span class='ocrx_word' id='word_1_120' title='bbox 393 1423 436 1462; x_wconf 87' lang='lat' dir='ltr'>res</span> <span class='ocrx_word' id='word_1_121' title='bbox 455 1407 527 1461; x_wconf 85' lang='lat' dir='ltr'>illac</span> <span class='ocrx_word' id='word_1_122' title='bbox 547 1407 579 1460; x_wconf 89' lang='lat' dir='ltr'>in</span> <span class='ocrx_word' id='word_1_123' title='bbox 600 1407 728 1476; x_wconf 80' lang='lat' dir='ltr'>perfecta</span> <span class='ocrx_word' id='word_1_124' title='bbox 756 1415 847 1463; x_wconf 87' lang='lat' dir='ltr'>aetate</span> <span class='ocrx_word' id='word_1_125' title='bbox 876 1407 1006 1462; x_wconf 81' lang='lat' dir='ltr'>valitmae</span> <span class='ocrx_word' id='word_1_126' title='bbox 1025 1405 1115 1464; x_wconf 61' lang='lat' dir='ltr'>iurari*</span> 
     </span>
     <span class='ocr_line' id='line_1_17' title="bbox 117 1484 1096 1560; baseline -0.008 -20"><span class='ocrx_word' id='word_1_127' title='bbox 117 1533 120 1540; x_wconf 92' lang='lat'>.</span> <span class='ocrx_word' id='word_1_128' title='bbox 153 1488 205 1544; x_wconf 88' lang='lat' dir='ltr'>aed</span> <span class='ocrx_word' id='word_1_129' title='bbox 226 1494 365 1560; x_wconf 86' lang='lat' dir='ltr'>quantum</span> <span class='ocrx_word' id='word_1_130' title='bbox 392 1487 510 1540; x_wconf 88' lang='lat' dir='ltr'>illarum</span> <span class='ocrx_word' id='word_1_131' title='bbox 538 1485 673 1541; x_wconf 85' lang='lat' dir='ltr'>damnum</span> <span class='ocrx_word' id='word_1_132' title='bbox 695 1503 712 1540; x_wconf 96' lang='lat' dir='ltr'>a</span> <span class='ocrx_word' id='word_1_133' title='bbox 732 1487 804 1544; x_wconf 76' lang='lat' dir='ltr'>uiris</span> <span class='ocrx_word' id='word_1_134' title='bbox 831 1485 1012 1557; x_wconf 85' lang='lat' dir='ltr'>prudentibus</span> <span class='ocrx_word' id='word_1_135' title='bbox 1032 1484 1068 1536; x_wconf 88' lang='lat' dir='ltr'>iric</span> <span class='ocrx_word' id='word_1_136' title='bbox 1081 1489 1096 1533; x_wconf 85' lang='lat' dir='ltr'>et</span> 
     </span>
     <span class='ocr_line' id='line_1_18' title="bbox 136 1565 462 1623; baseline -0.009 -1"><span class='ocrx_word' id='word_1_137' title='bbox 136 1583 231 1623; x_wconf 62' lang='lat' dir='ltr'>vrrurrc</span> <span class='ocrx_word' id='word_1_138' title='bbox 253 1565 462 1622; x_wconf 73' lang='lat' dir='ltr'>aestimabitur.</span> 
     </span>
    </p>

    <p class='ocr_par' dir='ltr' id='par_1_4' title="bbox 213 1606 1116 1715">
     <span class='ocr_line' id='line_1_19' title="bbox 213 1606 1116 1715; baseline -0.001 -16"><span class='ocrx_word' id='word_1_139' title='bbox 213 1647 239 1699; x_wconf 81' lang='lat'>3.</span> <span class='ocrx_word' id='word_1_140' title='bbox 282 1644 366 1712; x_wconf 87' lang='lat' dir='ltr'>Quod</span> <span class='ocrx_word' id='word_1_141' title='bbox 393 1651 503 1715; x_wconf 79' lang='lat' dir='ltr'>spectet</span> <span class='ocrx_word' id='word_1_142' title='bbox 530 1644 568 1699; x_wconf 89' lang='lat' dir='ltr'>cd</span> <span class='ocrx_word' id='word_1_143' title='bbox 595 1653 720 1714; x_wconf 83' lang='lat' dir='ltr'>tempus,</span> <span class='ocrx_word' id='word_1_144' title='bbox 749 1643 834 1702; x_wconf 87' lang='lat' dir='ltr'>docet</span> <span class='ocrx_word' id='word_1_145' title='bbox 859 1646 938 1702; x_wconf 87' lang='lat' dir='ltr'>idem</span> <span class='ocrx_word' id='word_1_146' title='bbox 958 1647 982 1700; x_wconf 82' lang='lat' dir='ltr'>S.</span> <span class='ocrx_word' id='word_1_147' title='bbox 1002 1606 1116 1698; x_wconf 34' lang='lat' dir='ltr'>Thomu}</span> 
     </span>
    </p>

    <p class='ocr_par' dir='ltr' id='par_1_5' title="bbox 151 1718 1095 1800">
     <span class='ocr_line' id='line_1_20' title="bbox 151 1718 1095 1800; baseline -0.012 -21"><span class='ocrx_word' id='word_1_148' title='bbox 151 1724 371 1779; x_wconf 81' lang='lat' dir='ltr'>restitutionem</span> <span class='ocrx_word' id='word_1_149' title='bbox 383 1723 425 1800; x_wconf 85' lang='lat' dir='ltr'>rei</span> <span class='ocrx_word' id='word_1_150' title='bbox 442 1723 566 1792; x_wconf 76' lang='lat' dir='ltr'>alienae,</span> <span class='ocrx_word' id='word_1_151' title='bbox 590 1740 662 1795; x_wconf 86' lang='lat' dir='ltr'>quae</span> <span class='ocrx_word' id='word_1_152' title='bbox 681 1724 790 1794; x_wconf 89' lang='lat' dir='ltr'>injuste</span> <span class='ocrx_word' id='word_1_153' title='bbox 807 1726 907 1780; x_wconf 87' lang='lat' dir='ltr'>ablata</span> <span class='ocrx_word' id='word_1_154' title='bbox 926 1734 974 1791; x_wconf 87' lang='lat' dir='ltr'>cst,</span> <span class='ocrx_word' id='word_1_155' title='bbox 993 1733 1032 1776; x_wconf 88' lang='lat' dir='ltr'>aut</span> <span class='ocrx_word' id='word_1_156' title='bbox 1046 1718 1095 1772; x_wconf 86' lang='lat' dir='ltr'>nala</span> 
     </span>
    </p>

    <p class='ocr_par' dir='ltr' id='par_1_6' title="bbox 132 1801 1117 2352">
     <span class='ocr_line' id='line_1_21' title="bbox 132 1801 1095 1874; baseline -0.006 -16"><span class='ocrx_word' id='word_1_157' title='bbox 132 1801 220 1858; x_wconf 61' lang='lat' dir='ltr'>xilide</span> <span class='ocrx_word' id='word_1_158' title='bbox 240 1801 413 1873; x_wconf 84' lang='lat' dir='ltr'>possidetur,</span> <span class='ocrx_word' id='word_1_159' title='bbox 436 1804 533 1860; x_wconf 89' lang='lat' dir='ltr'>statim</span> <span class='ocrx_word' id='word_1_160' title='bbox 554 1804 580 1857; x_wconf 89' lang='lat' dir='ltr'>si</span> <span class='ocrx_word' id='word_1_161' title='bbox 599 1804 741 1874; x_wconf 86' lang='lat' dir='ltr'>possibile</span> <span class='ocrx_word' id='word_1_162' title='bbox 761 1806 807 1872; x_wconf 88' lang='lat' dir='ltr'>sit,</span> <span class='ocrx_word' id='word_1_163' title='bbox 831 1821 893 1859; x_wconf 85' lang='lat' dir='ltr'>esse</span> <span class='ocrx_word' id='word_1_164' title='bbox 912 1802 1058 1860; x_wconf 77' lang='lat' dir='ltr'>iaciendum:</span> <span class='ocrx_word' id='word_1_165' title='bbox 1079 1804 1095 1850; x_wconf 84' lang='lat' dir='ltr'>ei</span> 
     </span>
     <span class='ocr_line' id='line_1_22' title="bbox 153 1875 1094 1955; baseline 0.003 -18"><span class='ocrx_word' id='word_1_166' title='bbox 153 1877 230 1938; x_wconf 81' lang='lat' dir='ltr'>recta</span> <span class='ocrx_word' id='word_1_167' title='bbox 251 1880 384 1938; x_wconf 87' lang='lat' dir='ltr'>observat</span> <span class='ocrx_word' id='word_1_168' title='bbox 407 1879 525 1939; x_wconf 72' lang='lat' dir='ltr'>Toletus</span> <span class='ocrx_word' id='word_1_169' title='bbox 550 1899 613 1954; x_wconf 88' lang='lat' dir='ltr'>sup.</span> <span class='ocrx_word' id='word_1_170' title='bbox 640 1898 702 1955; x_wconf 87' lang='lat' dir='ltr'>cap.</span> <span class='ocrx_word' id='word_1_171' title='bbox 724 1883 772 1940; x_wconf 76' lang='lat' dir='ltr'>ct.</span> <span class='ocrx_word' id='word_1_172' title='bbox 801 1885 959 1940; x_wconf 83' lang='lat' dir='ltr'>universim</span> <span class='ocrx_word' id='word_1_173' title='bbox 981 1875 1094 1951; x_wconf 80' lang='lat' dir='ltr'>loquendo</span> 
     </span>
     <span class='ocr_line' id='line_1_23' title="bbox 151 1960 1095 2035; baseline -0.014 -15"><span class='ocrx_word' id='word_1_174' title='bbox 151 1962 351 2035; x_wconf 82' lang='lat' dir='ltr'>cujuscunque</span> <span class='ocrx_word' id='word_1_175' title='bbox 376 1963 422 2017; x_wconf 83' lang='lat' dir='ltr'>rei</span> <span class='ocrx_word' id='word_1_176' title='bbox 449 1963 574 2030; x_wconf 76' lang='lat' dir='ltr'>eliense,</span> <span class='ocrx_word' id='word_1_177' title='bbox 605 1978 777 2034; x_wconf 87' lang='lat' dir='ltr'>quocunque</span> <span class='ocrx_word' id='word_1_178' title='bbox 805 1964 891 2020; x_wconf 90' lang='lat' dir='ltr'>titulo·</span> <span class='ocrx_word' id='word_1_179' title='bbox 917 1962 990 2033; x_wconf 88' lang='lat' dir='ltr'>apud</span> <span class='ocrx_word' id='word_1_180' title='bbox 1012 1960 1095 2012; x_wconf 81' lang='lat' dir='ltr'>alienu</span> 
     </span>
     <span class='ocr_line' id='line_1_24' title="bbox 152 2043 1117 2112; baseline -0.013 -10"><span class='ocrx_word' id='word_1_181' title='bbox 152 2044 200 2112; x_wconf 83' lang='lat' dir='ltr'>sii,</span> <span class='ocrx_word' id='word_1_182' title='bbox 223 2043 443 2110; x_wconf 82' lang='lat' dir='ltr'>restitutionem,</span> <span class='ocrx_word' id='word_1_183' title='bbox 472 2043 524 2098; x_wconf 87' lang='lat' dir='ltr'>ubi</span> <span class='ocrx_word' id='word_1_184' title='bbox 544 2043 669 2112; x_wconf 88' lang='lat' dir='ltr'>primum</span> <span class='ocrx_word' id='word_1_185' title='bbox 690 2043 846 2098; x_wconf 87' lang='lat' dir='ltr'>commode</span> <span class='ocrx_word' id='word_1_186' title='bbox 867 2044 929 2098; x_wconf 85' lang='lat' dir='ltr'>fieri</span> <span class='ocrx_word' id='word_1_187' title='bbox 948 2048 1035 2112; x_wconf 88' lang='lat' dir='ltr'>potest,</span> <span class='ocrx_word' id='word_1_188' title='bbox 1055 2047 1095 2090; x_wconf 79' lang='lat' dir='ltr'>esst</span> <span class='ocrx_word' id='word_1_189' title='bbox 1116 2077 1117 2082; x_wconf 31' lang='lat'>1</span> 
     </span>
     <span class='ocr_line' id='line_1_25' title="bbox 152 2114 1096 2193; baseline -0.012 -15"><span class='ocrx_word' id='word_1_190' title='bbox 152 2123 330 2188; x_wconf 84' lang='lat' dir='ltr'>faciendam,</span> <span class='ocrx_word' id='word_1_191' title='bbox 360 2121 476 2193; x_wconf 89' lang='lat' dir='ltr'>quando</span> <span class='ocrx_word' id='word_1_192' title='bbox 503 2122 585 2178; x_wconf 87' lang='lat' dir='ltr'>illius</span> <span class='ocrx_word' id='word_1_193' title='bbox 613 2119 748 2177; x_wconf 86' lang='lat' dir='ltr'>dominus</span> <span class='ocrx_word' id='word_1_194' title='bbox 773 2132 814 2178; x_wconf 87' lang='lat' dir='ltr'>cst</span> <span class='ocrx_word' id='word_1_195' title='bbox 835 2123 1031 2180; x_wconf 78' lang='lat' dir='ltr'>rationabiliter</span> <span class='ocrx_word' id='word_1_196' title='bbox 1045 2114 1096 2168; x_wconf 81' lang='lat' dir='ltr'>iasi-</span> 
     </span>
     <span class='ocr_line' id='line_1_26' title="bbox 153 2192 1097 2272; baseline -0.007 -16"><span class='ocrx_word' id='word_1_197' title='bbox 153 2211 212 2269; x_wconf 89' lang='lat' dir='ltr'>tus,</span> <span class='ocrx_word' id='word_1_198' title='bbox 240 2205 295 2257; x_wconf 87' lang='lat' dir='ltr'>ricc</span> <span class='ocrx_word' id='word_1_199' title='bbox 316 2203 405 2257; x_wconf 91' lang='lat' dir='ltr'>ullam</span> <span class='ocrx_word' id='word_1_200' title='bbox 427 2202 491 2256; x_wconf 89' lang='lat' dir='ltr'>vult</span> <span class='ocrx_word' id='word_1_201' title='bbox 510 2203 584 2258; x_wconf 87' lang='lat' dir='ltr'>ferre</span> <span class='ocrx_word' id='word_1_202' title='bbox 610 2202 799 2272; x_wconf 83' lang='lat' dir='ltr'>dilationem3</span> <span class='ocrx_word' id='word_1_203' title='bbox 832 2203 914 2270; x_wconf 87' lang='lat' dir='ltr'>alias,</span> <span class='ocrx_word' id='word_1_204' title='bbox 936 2203 960 2256; x_wconf 85' lang='lat' dir='ltr'>si</span> <span class='ocrx_word' id='word_1_205' title='bbox 978 2198 1049 2254; x_wconf 85' lang='lat' dir='ltr'>invito</span> <span class='ocrx_word' id='word_1_206' title='bbox 1065 2192 1097 2245; x_wconf 81' lang='lat' dir='ltr'>do·</span> 
     </span>
     <span class='ocr_line' id='line_1_27' title="bbox 152 2282 1011 2352; baseline -0.005 -17"><span class='ocrx_word' id='word_1_207' title='bbox 152 2283 232 2336; x_wconf 90' lang='lat' dir='ltr'>minc</span> <span class='ocrx_word' id='word_1_208' title='bbox 254 2283 426 2348; x_wconf 85' lang='lat' dir='ltr'>retineatur,</span> <span class='ocrx_word' id='word_1_209' title='bbox 448 2289 548 2336; x_wconf 88' lang='lat' dir='ltr'>contra</span> <span class='ocrx_word' id='word_1_210' title='bbox 567 2282 622 2337; x_wconf 89' lang='lat' dir='ltr'>hoc</span> <span class='ocrx_word' id='word_1_211' title='bbox 644 2291 829 2352; x_wconf 85' lang='lat' dir='ltr'>praeceptum</span> <span class='ocrx_word' id='word_1_212' title='bbox 848 2282 1011 2352; x_wconf 76' lang='lat' dir='ltr'>peccabitur.</span> 
     </span>
    </p>

    <p class='ocr_par' dir='ltr' id='par_1_7' title="bbox 212 2350 1097 2432">
     <span class='ocr_line' id='line_1_28' title="bbox 212 2350 1097 2432; baseline -0.014 -17"><span class='ocrx_word' id='word_1_213' title='bbox 212 2361 323 2432; x_wconf 82' lang='lat' dir='ltr'>Excipe</span> <span class='ocrx_word' id='word_1_214' title='bbox 351 2369 461 2427; x_wconf 89' lang='lat' dir='ltr'>tamen,</span> <span class='ocrx_word' id='word_1_215' title='bbox 491 2363 516 2417; x_wconf 90' lang='lat' dir='ltr'>si</span> <span class='ocrx_word' id='word_1_216' title='bbox 537 2362 678 2418; x_wconf 89' lang='lat' dir='ltr'>restitutio</span> <span class='ocrx_word' id='word_1_217' title='bbox 707 2362 825 2418; x_wconf 88' lang='lat' dir='ltr'>nonnisi</span> <span class='ocrx_word' id='word_1_218' title='bbox 854 2377 919 2420; x_wconf 90' lang='lat' dir='ltr'>cum</span> <span class='ocrx_word' id='word_1_219' title='bbox 939 2372 1031 2416; x_wconf 86' lang='lat' dir='ltr'>summa</span> <span class='ocrx_word' id='word_1_220' title='bbox 1045 2350 1097 2406; x_wconf 88' lang='lat' dir='ltr'>dili·</span> 
     </span>
    </p>

    <p class='ocr_par' dir='ltr' id='par_1_8' title="bbox 94 2431 1101 3546">
     <span class='ocr_line' id='line_1_29' title="bbox 153 2431 1095 2504; baseline -0.012 -6"><span class='ocrx_word' id='word_1_221' title='bbox 153 2442 261 2498; x_wconf 87' lang='lat' dir='ltr'>cultata</span> <span class='ocrx_word' id='word_1_222' title='bbox 291 2449 341 2496; x_wconf 90' lang='lat' dir='ltr'>aut</span> <span class='ocrx_word' id='word_1_223' title='bbox 370 2440 496 2496; x_wconf 89' lang='lat' dir='ltr'>notabili</span> <span class='ocrx_word' id='word_1_224' title='bbox 529 2442 706 2500; x_wconf 83' lang='lat' dir='ltr'>restituentis</span> <span class='ocrx_word' id='word_1_225' title='bbox 741 2442 910 2502; x_wconf 85' lang='lat' dir='ltr'>detrimento</span> <span class='ocrx_word' id='word_1_226' title='bbox 941 2439 996 2496; x_wconf 84' lang='lat' dir='ltr'>ficri</span> <span class='ocrx_word' id='word_1_227' title='bbox 1021 2431 1095 2504; x_wconf 71' lang='lat' dir='ltr'>possit</span> 
     </span>
     <span class='ocr_line' id='line_1_30' title="bbox 151 2513 1095 2596; baseline -0.014 -18"><span class='ocrx_word' id='word_1_228' title='bbox 151 2529 220 2578; x_wconf 90' lang='lat' dir='ltr'>tunc</span> <span class='ocrx_word' id='word_1_229' title='bbox 241 2521 328 2588; x_wconf 89' lang='lat' dir='ltr'>enim,</span> <span class='ocrx_word' id='word_1_230' title='bbox 349 2520 486 2578; x_wconf 76' lang='lat' dir='ltr'>uidocet</span> <span class='ocrx_word' id='word_1_231' title='bbox 507 2520 625 2576; x_wconf 79' lang='lat' dir='ltr'>Toletuu</span> <span class='ocrx_word' id='word_1_232' title='bbox 647 2529 743 2590; x_wconf 86' lang='lat' dir='ltr'>supra,</span> <span class='ocrx_word' id='word_1_233' title='bbox 768 2521 794 2575; x_wconf 89' lang='lat' dir='ltr'>si</span> <span class='ocrx_word' id='word_1_234' title='bbox 815 2521 849 2587; x_wconf 86' lang='lat' dir='ltr'>is,</span> <span class='ocrx_word' id='word_1_235' title='bbox 873 2522 918 2577; x_wconf 92' lang='lat' dir='ltr'>cui</span> <span class='ocrx_word' id='word_1_236' title='bbox 938 2513 1095 2596; x_wconf 71' lang='lat' dir='ltr'>iaciendaett</span> 
     </span>
     <span class='ocr_line' id='line_1_31' title="bbox 151 2593 1097 2672; baseline -0.007 -15"><span class='ocrx_word' id='word_1_237' title='bbox 151 2603 266 2658; x_wconf 89' lang='lat' dir='ltr'>nullum</span> <span class='ocrx_word' id='word_1_238' title='bbox 288 2599 491 2656; x_wconf 85' lang='lat' dir='ltr'>detrimentum</span> <span class='ocrx_word' id='word_1_239' title='bbox 518 2603 642 2672; x_wconf 84' lang='lat' dir='ltr'>patitur,</span> <span class='ocrx_word' id='word_1_240' title='bbox 673 2616 724 2669; x_wconf 90' lang='lat' dir='ltr'>per</span> <span class='ocrx_word' id='word_1_241' title='bbox 752 2601 875 2671; x_wconf 87' lang='lat' dir='ltr'>aliquod</span> <span class='ocrx_word' id='word_1_242' title='bbox 902 2608 1000 2668; x_wconf 87' lang='lat' dir='ltr'>tempus</span> <span class='ocrx_word' id='word_1_243' title='bbox 1020 2593 1097 2662; x_wconf 78' lang='lat' dir='ltr'>poterit</span> 
     </span>
     <span class='ocr_line' id='line_1_32' title="bbox 152 2677 1097 2750; baseline -0.008 -14"><span class='ocrx_word' id='word_1_244' title='bbox 152 2681 282 2748; x_wconf 77' lang='lat' dir='ltr'>differri;</span> <span class='ocrx_word' id='word_1_245' title='bbox 314 2682 383 2735; x_wconf 88' lang='lat' dir='ltr'>item</span> <span class='ocrx_word' id='word_1_246' title='bbox 404 2681 429 2734; x_wconf 84' lang='lat' dir='ltr'>si</span> <span class='ocrx_word' id='word_1_247' title='bbox 450 2680 490 2750; x_wconf 90' lang='lat' dir='ltr'>is,</span> <span class='ocrx_word' id='word_1_248' title='bbox 517 2681 565 2735; x_wconf 88' lang='lat' dir='ltr'>cui</span> <span class='ocrx_word' id='word_1_249' title='bbox 593 2680 736 2735; x_wconf 87' lang='lat' dir='ltr'>restitutio</span> <span class='ocrx_word' id='word_1_250' title='bbox 763 2681 897 2737; x_wconf 86' lang='lat' dir='ltr'>iacienda</span> <span class='ocrx_word' id='word_1_251' title='bbox 924 2686 975 2744; x_wconf 87' lang='lat' dir='ltr'>est,</span> <span class='ocrx_word' id='word_1_252' title='bbox 998 2677 1097 2739; x_wconf 68' lang='lat' dir='ltr'>expreset</span> 
     </span>
     <span class='ocr_line' id='line_1_33' title="bbox 154 2743 1098 2828; baseline -0.004 -15"><span class='ocrx_word' id='word_1_253' title='bbox 154 2761 202 2814; x_wconf 82' lang='lat' dir='ltr'>vei</span> <span class='ocrx_word' id='word_1_254' title='bbox 223 2762 308 2816; x_wconf 89' lang='lat' dir='ltr'>tacite</span> <span class='ocrx_word' id='word_1_255' title='bbox 328 2761 360 2814; x_wconf 89' lang='lat' dir='ltr'>in</span> <span class='ocrx_word' id='word_1_256' title='bbox 380 2759 461 2814; x_wconf 89' lang='lat' dir='ltr'>illius</span> <span class='ocrx_word' id='word_1_257' title='bbox 478 2759 649 2815; x_wconf 88' lang='lat' dir='ltr'>dilationem</span> <span class='ocrx_word' id='word_1_258' title='bbox 662 2760 832 2828; x_wconf 79' lang='lat' dir='ltr'>consentiat,</span> <span class='ocrx_word' id='word_1_259' title='bbox 854 2760 901 2813; x_wconf 83' lang='lat' dir='ltr'>vel</span> <span class='ocrx_word' id='word_1_260' title='bbox 921 2773 976 2812; x_wconf 91' lang='lat' dir='ltr'>eam</span> <span class='ocrx_word' id='word_1_261' title='bbox 990 2743 1098 2808; x_wconf 70' lang='lat' dir='ltr'>nonnul</span> 
     </span>
     <span class='ocr_line' id='line_1_34' title="bbox 154 2833 1097 2914; baseline -0.007 -20"><span class='ocrx_word' id='word_1_262' title='bbox 154 2847 214 2894; x_wconf 91' lang='lat' dir='ltr'>tum</span> <span class='ocrx_word' id='word_1_263' title='bbox 235 2855 318 2910; x_wconf 85' lang='lat' dir='ltr'>aegre</span> <span class='ocrx_word' id='word_1_264' title='bbox 340 2841 431 2907; x_wconf 58' lang='lat' dir='ltr'>ierat}</span> <span class='ocrx_word' id='word_1_265' title='bbox 452 2847 543 2895; x_wconf 71' lang='lat' dir='ltr'>&#39;aecus</span> <span class='ocrx_word' id='word_1_266' title='bbox 564 2855 632 2894; x_wconf 83' lang='lat' dir='ltr'>vcro</span> <span class='ocrx_word' id='word_1_267' title='bbox 654 2839 680 2892; x_wconf 90' lang='lat' dir='ltr'>si</span> <span class='ocrx_word' id='word_1_268' title='bbox 701 2846 811 2908; x_wconf 86' lang='lat' dir='ltr'>repetat</span> <span class='ocrx_word' id='word_1_269' title='bbox 838 2839 962 2896; x_wconf 87' lang='lat' dir='ltr'>debitum</span> <span class='ocrx_word' id='word_1_270' title='bbox 984 2833 1097 2914; x_wconf 67' lang='lat' dir='ltr'>urqtthltl</span> 
     </span>
     <span class='ocr_line' id='line_1_35' title="bbox 153 2905 1095 2998; baseline -0.008 -24"><span class='ocrx_word' id='word_1_271' title='bbox 153 2916 329 2986; x_wconf 85' lang='lat' dir='ltr'>debitorem,</span> <span class='ocrx_word' id='word_1_272' title='bbox 359 2920 421 2986; x_wconf 89' lang='lat' dir='ltr'>vel,</span> <span class='ocrx_word' id='word_1_273' title='bbox 450 2920 582 2990; x_wconf 88' lang='lat' dir='ltr'>quamvis</span> <span class='ocrx_word' id='word_1_274' title='bbox 596 2933 709 2998; x_wconf 44' lang='lat' dir='ltr'>Nurgere</span> <span class='ocrx_word' id='word_1_275' title='bbox 736 2919 823 2973; x_wconf 90' lang='lat' dir='ltr'>illum</span> <span class='ocrx_word' id='word_1_276' title='bbox 851 2933 918 2988; x_wconf 89' lang='lat' dir='ltr'>prae</span> <span class='ocrx_word' id='word_1_277' title='bbox 943 2905 1095 2994; x_wconf 67' lang='lat' dir='ltr'>aliquolibet</span> 
     </span>
     <span class='ocr_line' id='line_1_36' title="bbox 153 2995 1094 3070; baseline -0.012 -15"><span class='ocrx_word' id='word_1_278' title='bbox 153 3006 232 3056; x_wconf 88' lang='lat' dir='ltr'>metu</span> <span class='ocrx_word' id='word_1_279' title='bbox 252 3013 311 3052; x_wconf 89' lang='lat' dir='ltr'>nou</span> <span class='ocrx_word' id='word_1_280' title='bbox 333 2995 452 3066; x_wconf 84' lang='lat' dir='ltr'>audeat,</span> <span class='ocrx_word' id='word_1_281' title='bbox 480 2998 553 3053; x_wconf 89' lang='lat' dir='ltr'>sciat</span> <span class='ocrx_word' id='word_1_282' title='bbox 573 3007 667 3069; x_wconf 82' lang='lat' dir='ltr'>tamen</span> <span class='ocrx_word' id='word_1_283' title='bbox 690 2997 805 3053; x_wconf 88' lang='lat' dir='ltr'>debitor</span> <span class='ocrx_word' id='word_1_284' title='bbox 831 2997 916 3053; x_wconf 86' lang='lat' dir='ltr'>illum</span> <span class='ocrx_word' id='word_1_285' title='bbox 935 2996 1013 3051; x_wconf 88' lang='lat' dir='ltr'>invito</span> <span class='ocrx_word' id='word_1_286' title='bbox 1030 2995 1094 3070; x_wconf 60' lang='lat' dir='ltr'>titini</span> 
     </span>
     <span class='ocr_line' id='line_1_37' title="bbox 153 3058 1097 3148; baseline -0.025 -14"><span class='ocrx_word' id='word_1_287' title='bbox 153 3081 228 3136; x_wconf 84' lang='lat' dir='ltr'>ferre</span> <span class='ocrx_word' id='word_1_288' title='bbox 248 3079 324 3148; x_wconf 80' lang='lat' dir='ltr'>hanc</span> <span class='ocrx_word' id='word_1_289' title='bbox 346 3076 529 3145; x_wconf 84' lang='lat' dir='ltr'>dilationem,</span> <span class='ocrx_word' id='word_1_290' title='bbox 553 3086 622 3132; x_wconf 90' lang='lat' dir='ltr'>tunc</span> <span class='ocrx_word' id='word_1_291' title='bbox 642 3077 720 3134; x_wconf 81' lang='lat' dir='ltr'>baud</span> <span class='ocrx_word' id='word_1_292' title='bbox 741 3077 830 3133; x_wconf 84' lang='lat' dir='ltr'>dubie</span> <span class='ocrx_word' id='word_1_293' title='bbox 852 3075 988 3148; x_wconf 86' lang='lat' dir='ltr'>peccabit,</span> <span class='ocrx_word' id='word_1_294' title='bbox 1005 3070 1026 3123; x_wconf 88' lang='lat' dir='ltr'>si</span> <span class='ocrx_word' id='word_1_295' title='bbox 1040 3058 1097 3118; x_wconf 84' lang='lat' dir='ltr'>debr·</span> 
     </span>
     <span class='ocr_line' id='line_1_38' title="bbox 127 3139 1099 3228; baseline -0.015 -14"><span class='ocrx_word' id='word_1_296' title='bbox 127 3193 131 3198; x_wconf 92' lang='lat'><em>-</em></span> <span class='ocrx_word' id='word_1_297' title='bbox 154 3167 216 3214; x_wconf 90' lang='lat' dir='ltr'>tum</span> <span class='ocrx_word' id='word_1_298' title='bbox 243 3171 305 3212; x_wconf 52' lang='lat' dir='ltr'>noa*</span> <span class='ocrx_word' id='word_1_299' title='bbox 332 3159 476 3226; x_wconf 90' lang='lat' dir='ltr'>restituat,</span> <span class='ocrx_word' id='word_1_300' title='bbox 506 3163 570 3213; x_wconf 88' lang='lat' dir='ltr'>cum</span> <span class='ocrx_word' id='word_1_301' title='bbox 595 3158 705 3227; x_wconf 84' lang='lat' dir='ltr'>possit:</span> <span class='ocrx_word' id='word_1_302' title='bbox 738 3159 770 3211; x_wconf 89' lang='lat' dir='ltr'>in</span> <span class='ocrx_word' id='word_1_303' title='bbox 798 3173 855 3228; x_wconf 89' lang='lat' dir='ltr'>quo</span> <span class='ocrx_word' id='word_1_304' title='bbox 883 3155 969 3226; x_wconf 84' lang='lat' dir='ltr'>aliqui</span> <span class='ocrx_word' id='word_1_305' title='bbox 990 3139 1099 3204; x_wconf 83' lang='lat' dir='ltr'>interium</span> 
     </span>
     <span class='ocr_line' id='line_1_39' title="bbox 154 3226 1099 3312; baseline 0.001 -19"><span class='ocrx_word' id='word_1_306' title='bbox 154 3239 280 3310; x_wconf 81' lang='lat' dir='ltr'>graviter</span> <span class='ocrx_word' id='word_1_307' title='bbox 301 3243 399 3291; x_wconf 90' lang='lat' dir='ltr'>contra</span> <span class='ocrx_word' id='word_1_308' title='bbox 415 3235 560 3308; x_wconf 87' lang='lat' dir='ltr'>justitiam</span> <span class='ocrx_word' id='word_1_309' title='bbox 588 3245 730 3308; x_wconf 82' lang='lat' dir='ltr'>peccant,</span> <span class='ocrx_word' id='word_1_310' title='bbox 753 3237 804 3312; x_wconf 88' lang='lat' dir='ltr'>qui</span> <span class='ocrx_word' id='word_1_311' title='bbox 833 3236 981 3292; x_wconf 86' lang='lat' dir='ltr'>notabilem</span> <span class='ocrx_word' id='word_1_312' title='bbox 1004 3226 1099 3293; x_wconf 66' lang='lat' dir='ltr'>,liquam</span> 
     </span>
     <span class='ocr_line' id='line_1_40' title="bbox 154 3306 1099 3390; baseline -0.012 -20"><span class='ocrx_word' id='word_1_313' title='bbox 154 3332 296 3370; x_wconf 87' lang='lat' dir='ltr'>summam</span> <span class='ocrx_word' id='word_1_314' title='bbox 321 3317 474 3390; x_wconf 89' lang='lat' dir='ltr'>operariis,</span> <span class='ocrx_word' id='word_1_315' title='bbox 504 3315 664 3371; x_wconf 83' lang='lat' dir='ltr'>artificibus</span> <span class='ocrx_word' id='word_1_316' title='bbox 693 3323 742 3372; x_wconf 89' lang='lat' dir='ltr'>aut</span> <span class='ocrx_word' id='word_1_317' title='bbox 768 3315 969 3372; x_wconf 86' lang='lat' dir='ltr'>mercatoribus</span> <span class='ocrx_word' id='word_1_318' title='bbox 988 3306 1099 3363; x_wconf 73' lang='lat' dir='ltr'>debentes</span> 
     </span>
     <span class='ocr_line' id='line_1_41' title="bbox 94 3387 1100 3466; baseline -0.018 -21"><span class='ocrx_word' id='word_1_319' title='bbox 94 3405 97 3414; x_wconf 76' lang='grc'><em>’</em></span> <span class='ocrx_word' id='word_1_320' title='bbox 154 3409 207 3460; x_wconf 88' lang='lat' dir='ltr'>per</span> <span class='ocrx_word' id='word_1_321' title='bbox 228 3393 396 3450; x_wconf 89' lang='lat' dir='ltr'>diuturnum</span> <span class='ocrx_word' id='word_1_322' title='bbox 417 3395 538 3466; x_wconf 87' lang='lat' dir='ltr'>aliquod</span> <span class='ocrx_word' id='word_1_323' title='bbox 557 3402 675 3465; x_wconf 84' lang='lat' dir='ltr'>tempus</span> <span class='ocrx_word' id='word_1_324' title='bbox 697 3397 809 3452; x_wconf 79' lang='lat' dir='ltr'>coivere</span> <span class='ocrx_word' id='word_1_325' title='bbox 831 3396 928 3452; x_wconf 87' lang='lat' dir='ltr'>debita</span> <span class='ocrx_word' id='word_1_326' title='bbox 945 3405 994 3447; x_wconf 87' lang='lat' dir='ltr'>noo</span> <span class='ocrx_word' id='word_1_327' title='bbox 1016 3387 1100 3440; x_wconf 86' lang='lat' dir='ltr'>curant,</span> 
     </span>
     <span class='ocr_line' id='line_1_42' title="bbox 156 3465 1101 3546; baseline -0.007 -23"><span class='ocrx_word' id='word_1_328' title='bbox 156 3473 289 3534; x_wconf 85' lang='lat' dir='ltr'>quamvis</span> <span class='ocrx_word' id='word_1_329' title='bbox 308 3473 468 3528; x_wconf 80' lang='lat' dir='ltr'>&#39;commode</span> <span class='ocrx_word' id='word_1_330' title='bbox 498 3475 627 3543; x_wconf 86' lang='lat' dir='ltr'>possint,</span> <span class='ocrx_word' id='word_1_331' title='bbox 662 3477 823 3546; x_wconf 85' lang='lat' dir='ltr'>multasque</span> <span class='ocrx_word' id='word_1_332' title='bbox 859 3477 928 3530; x_wconf 87' lang='lat' dir='ltr'>alias</span> <span class='ocrx_word' id='word_1_333' title='bbox 957 3465 1049 3525; x_wconf 83' lang='lat' dir='ltr'>inutiles</span> <span class='ocrx_word' id='word_1_334' title='bbox 1075 3470 1101 3508; x_wconf 73' lang='lat' dir='ltr'>tt</span> 
     </span>
    </p>
   </div>
   <div class='ocr_carea' id='block_1_3' title="bbox 152 3548 1103 3634">
    <p class='ocr_par' dir='ltr' id='par_1_9' title="bbox 152 3548 1103 3634">
     <span class='ocr_line' id='line_1_43' title="bbox 152 3548 1103 3634; baseline 0.002 -28"><span class='ocrx_word' id='word_1_335' title='bbox 152 3548 314 3613; x_wconf 64' lang='lat' dir='ltr'>‘superfluae</span> <span class='ocrx_word' id='word_1_336' title='bbox 340 3564 494 3620; x_wconf 83' lang='lat' dir='ltr'>expensas,</span> <span class='ocrx_word' id='word_1_337' title='bbox 521 3559 554 3608; x_wconf 84' lang='lat' dir='ltr'>et</span> <span class='ocrx_word' id='word_1_338' title='bbox 579 3553 754 3628; x_wconf 71' lang='lat' dir='ltr'>aliquando=</span> <span class='ocrx_word' id='word_1_339' title='bbox 775 3557 861 3617; x_wconf 73' lang='lat' dir='ltr'>edam</span> <span class='ocrx_word' id='word_1_340' title='bbox 893 3551 1053 3634; x_wconf 66' lang='lat' dir='ltr'>clamosam</span> <span class='ocrx_word' id='word_1_341' title='bbox 1075 3549 1103 3588; x_wconf 74' lang='lat'>⁸⁰</span> 
     </span>
    </p>
   </div>
   <div class='ocr_carea' id='block_1_4' title="bbox 0 0 1154 3876">
    <p class='ocr_par' dir='ltr' id='par_1_10' title="bbox 0 0 1154 3876">
     <span class='ocr_line' id='line_1_44' title="bbox 0 0 1154 3876; baseline 0 0"><span class='ocrx_word' id='word_1_342' title='bbox 0 0 1154 3876; x_wconf 95' lang='lat' dir='ltr'> </span> 
     </span>
    </p>
   </div>
  </div>
 </body>
</html>
