2348 3868
422 149 460 192 ur
481 146 691 202 romtcrsrta
998 132 1056 204 181

39 271 168 326 christo
187 269 325 324 ¹Domino
345 273 513 337 potestaten
535 264 704 328 retoltteudl
721 275 855 342 peceata,
883 277 1059 329 nonomen

37 351 162 420 accipit
182 347 352 414 materiam,
373 347 421 404 cui
438 355 609 419 potestatem
628 349 712 406 illam
725 350 876 420 applicet3
906 350 1063 408 nechabet

37 432 70 485 ri
86 427 302 485 ordinationis
319 441 386 484 suae
399 427 468 482 illos
482 427 624 495 subditos,
645 430 677 484 in
693 444 764 499 quot
780 429 955 502 judicialem
975 431 1060 488 illam

36 515 232 580 potestatem
253 505 351 561 valide
372 514 512 563 exerceat.
548 507 610 564 Hoc
629 515 709 580 patet
730 525 767 564 ax
788 508 920 566 Concilio
936 509 1060 568 Triden-

35 590 104 644 tino
138 597 216 643 sess.
244 585 291 644 ta
312 601 375 660 cap.
398 586 425 643 l.
447 585 501 642 ubl
528 602 662 657 captasse
695 585 783 656 dicit,
809 589 909 644 aolllttt
934 592 1061 650 mamati

37 670 255 723 absolutionem
276 683 334 720 eom
355 683 412 720 esse
434 666 537 731 debere,
560 683 640 738 quam
661 665 845 725 Sacerdotis
866 685 925 722 tam
939 671 1057 742 prostat,

33 751 65 802 ia
82 766 172 820 qoem
195 747 369 802 ordiamlam
384 755 432 802 aot
451 747 653 816 subdelegatom
670 749 818 804 nonhabet
830 747 1057 818 jurisdictionem.

34 827 132 884 idem
155 835 248 884 autea
268 827 361 881 fuerat
382 841 498 898 quoque
526 826 706 882 declaratum
725 830 762 894 iu,
780 823 915 906 Coucflio
932 825 1056 885 Florenl.

35 909 72 962 in
93 907 206 962 decret.
223 905 336 977 Eugeu.
357 907 390 960 in
412 921 469 976 quo
491 905 607 973 dicitur,
629 908 779 962 miabtram
793 907 1058 967 Sacramentiffloe-

36 989 184 1044 nitentiae
215 982 280 1040 esse
303 985 477 1040 Sacerdotem
505 986 646 1056 habeatem
672 989 862 1058 autboritatem
892 989 1057 1056 absolvendi.
1099 1035 1101 1042 ,

38 1067 90 1121 ael
110 1067 301 1132 ordinariam,
324 1067 367 1118 vel
387 1083 419 1118 ea
440 1067 630 1120 commissione.
894 1135 895 1139 Ἰ
991 1057 993 1064 ⁴
1018 1065 1034 1139 J

102 1145 135 1202 2.
181 1146 277 1200 Porro
305 1147 338 1200 iu
361 1142 580 1212 Sacerdotibus,
609 1146 661 1216 qui
688 1145 857 1217 parochiale
883 1135 1058 1220 beneficium

34 1242 101 1280 non
136 1225 293 1302 obtinent,
321 1231 436 1296 praeter
455 1222 692 1296 ,iurisdictionem
721 1231 748 1280 et
770 1231 955 1294 potestatem,
984 1242 1059 1301 quaa

35 1307 117 1376 ipsis
143 1302 323 1360 demandari
343 1310 454 1374 potest,
475 1304 633 1374 requiritur
653 1319 767 1374 quoquc
789 1305 963 1375 approbatio
987 1303 1058 1376 Epi-

34 1387 151 1456 scopi:
174 1383 214 1438 id
236 1391 280 1439 est
300 1383 495 1440 testimouium
513 1383 675 1454 juridicum
698 1382 733 1438 de
753 1383 873 1440 illorum
896 1383 1056 1455 capacitate

37 1473 69 1519 et
90 1463 283 1519 sufficientia
303 1463 341 1517 ati
362 1461 551 1532 excipiendas
572 1461 703 1517 fidelium
726 1465 929 1532 consessiones,
951 1479 1057 1540 eosque

36 1543 303 1600 sacramentaliter
324 1541 527 1596 absolvendos,
563 1542 609 1596 Ita
627 1543 780 1614 speciatim
798 1546 986 1600 constitutum
1006 1545 1058 1599 ha-

36 1623 131 1679 betur
155 1625 188 1677 in
206 1616 329 1677 'Concil
351 1620 432 1676 Trid.
456 1637 525 1676 sess.
545 1621 593 1676 23.
616 1635 649 1677 c:
664 1621 710 1678 15.
734 1621 769 1676 de
784 1622 909 1679 Reform.
932 1623 984 1680 ubi
1006 1625 1056 1680 de-

34 1707 133 1758 cernit
157 1711 259 1756 sancta
281 1703 419 1772 synodus,
448 1703 549 1754 oollam
578 1703 659 1756 etiam
678 1703 830 1771 regularem
845 1721 928 1774 posse
949 1705 1057 1776 consec-

35 1787 137 1838 st'ones
153 1780 344 1836 saeculariam
354 1784 435 1835 eliam
449 1779 626 1856 Sacerdotem
640 1783 743 1847 audire,
767 1800 816 1836 aec
830 1785 867 1837 od
886 1785 915 1838 id
933 1775 1057 1840 idoneam

35 1865 185 1934 reputari,
210 1863 266 1916 nisi
287 1871 335 1916 out
349 1862 509 1932 parochiale
532 1861 693 1932 beoeJieiam,
716 1871 764 1916 aot
784 1861 819 1916 ab
839 1863 987 1934 Episcopie
1004 1881 1057 1936 per

35 1959 176 2006 examen,
209 1943 236 1994 si
256 1941 310 1995 illis
338 1941 444 1995 videtur
471 1957 529 1994 esse
555 1943 747 2006 neeessariam,
777 1951 825 1995 aot
852 1944 923 1998 alias
943 1945 1056 2000 idonens

28 2023 195 2091 judicetur,
221 2023 248 2074 el
260 2021 488 2091 approbationem,
511 2037 580 2092 puae
596 2023 685 2090 gratis
699 2023 783 2086 detor,
807 2021 934 2076 obtineat.
970 2023 1057 2079 Uutlo

35 2105 194 2173 sequitur,
211 2099 396 2155 Sacerdotem
409 2099 506 2168 illum,
527 2101 579 2170 qul
592 2115 686 2172 neque
701 2101 868 2170 parochiale
882 2101 1058 2156 beneficium

39 2175 187 2248 obtinet,¹
213 2179 309 2250 neque
330 2177 367 2234 ab
387 2177 534 2250 Episcopo
555 2179 733 2253 approbatus
754 2185 810 2245 eit,
838 2178 975 2235 idoneum
996 2194 1056 2236 non

36 2277 105 2317 esse
131 2259 174 2314 ad
198 2258 413 2314 Sacramentum
435 2258 633 2314 Paenitentiao
657 2257 901 2316 ministrandum:
934 2253 970 2315 ao
990 2257 1059 2333 pro'·

38 2341 116 2396 iude
141 2355 242 2410 neque
264 2339 344 2394 licite
365 2353 459 2408 neque
479 2337 577 2392 valide
592 2335 801 2393 absolutionem
820 2341 1056 2396 sacramentalem

39 2421 186 2476 conferre
217 2433 314 2488 posse,
343 2427 376 2471 ut
403 2417 496 2472 fusius
524 2416 628 2486 probat
649 2417 823 2472 isembertus
850 2417 925 2488 disp.
947 2417 995 2474 21.
1018 2419 1055 2474 dc

38 2499 164 2556 Poenit.
188 2507 242 2552 art.
266 2497 294 2552 2.'
316 2497 369 2550 ubi
388 2497 476 2550 etiam
498 2498 583 2550 refert
604 2511 641 2552 ex
661 2497 912 2554 observationibus
930 2494 1054 2554 loannis

41 2578 197 2644 Galmart,
221 2577 396 2632 adcitatum
412 2591 474 2645 cap.
500 2575 545 2630 15.
567 2591 635 2630 sess.
658 2577 705 2632 23.
721 2575 972 2650 congregationem
987 2578 1055 2632 Car-

41 2657 201 2714 dlnallum
222 2653 398 2722 declarasse,
428 2657 619 2710 absolutionem
640 2673 657 2710 a
678 2656 824 2712 Sacerdote
850 2659 941 2712 datam
961 2659 1053 2727 vigore

33 2737 195 2809 facultatis
215 2737 380 2806 generaliter
401 2730 421 2788 α’
438 2753 538 2788 summo
558 2735 695 2806 Pontifices,
718 2737 762 2790 vel
780 2733 937 2806 specialiter
955 2753 973 2791 a
993 2737 1054 2792 Pa-

42 2818 136 2870 rocbo
150 2832 299 2880 concessae,
321 2817 347 2868 si
367 2815 401 2868 ab
415 2813 702 2886 Episcopo'Soeerdos
716 2817 884 2870 examinatus
901 2817 930 2872 'et
951 2833 1055 2888 appio*

45 2898 135 2950 balos
154 2913 207 2949 aon
219 2897 323 2967 fuerit,
353 2895 457 2948 censeri
483 2895 595 2960 oollam,
625 2897 705 2949 eliam
732 2897 822 2967 quoad
850 2915 906 2962 eos,
935 2899 983 2969 qai
1004 2894 1054 2954 toli
1112 2893 1114 2898 ’

41 2976 199 3032 &catari
218 2977 290 3030 botta
310 2975 378 3030 atae
399 2975 604 3045 confessisunt.
698 3013 700 3020 -

109 3055 141 3110 3.
183 3055 231 3110 Ex
250 3055 310 3108 hoc
330 3063 425 3110 autem
447 3052 574 3110 Ooncilli
595 3054 708 3110 decreto
737 3061 812 3110 recte
838 3055 976 3122 infertur,
1006 3053 1056 3110 Sa

44 3134 185 3192 cordatos
218 3148 423 3206 quoscunque,
447 3135 614 3189 ,saeculares
642 3141 693 3188 aut
724 3135 883 3206 regulares,
920 3133 1054 3204 quamvls

46 3214 246 3270 doctissimos,
268 3219 296 3266 et
315 3213 530 3284 in·=Theologia
558 3215 782 3280 versutissimas,
810 3215 870 3270 imo
898 3219 926 3267 et
953 3213 1054 3268 laurea

50 3295 220 3350 doctoratus
248 3293 418 3364 insignitos,
447 3293 472 3346 sl
498 3293 667 3362 parochiale
694 3293 872 3348 beneficium·
893 3302 952 3345 non
979 3288 1055 3344 obti-

50 3381 146 3440 neant,
170 3373 307 3444 indigere
323 3371 462 3441 Episcopi
483 3371 702 3442 approbatione,
725 3379 756 3426 ut
779 3368 875 3427 valide
897 3370 1054 3436 coulessio·

54 3467 99 3506 nes
120 3454 272 3523 excipere,
294 3459 324 3506 et
336 3453 516 3520 poenitentes
531 3453 685 3508 absolvero
704 3451 834 3521 possintc
868 3457 896 3504 et
917 3465 932 3508 e
953 3456 1054 3504 contra
1068 3477 1072 3502 3

53 3531 225 3604 Superiores
246 3530 459 3604 Religiosorum
479 3546 563 3603 poste
585 3530 655 3588 dare
675 3527 905 3586 rutsticeutiaa
926 3525 1056 3600 eligendi
