<?xml version="1.0" encoding="UTF-8"?>
<!DOCTYPE html PUBLIC "-//W3C//DTD XHTML 1.0 Transitional//EN"
    "http://www.w3.org/TR/xhtml1/DTD/xhtml1-transitional.dtd">
<html xmlns="http://www.w3.org/1999/xhtml" xml:lang="en" lang="en">
 <head>
  <title>
</title>
<meta http-equiv="Content-Type" content="text/html;charset=utf-8" />
  <meta name='ocr-system' content='tesseract 3.04.00' />
  <meta name='ocr-capabilities' content='ocr_page ocr_carea ocr_par ocr_line ocrx_word'/>
</head>
<body>
  <div class='ocr_page' id='page_1' title='image "./medullatheologi00abelgoog_0409.png"; bbox 0 0 2356 3870; ppageno 0'>
   <div class='ocr_carea' id='block_1_1' title="bbox 133 121 865 198">
    <p class='ocr_par' dir='ltr' id='par_1_1' title="bbox 133 121 865 198">
     <span class='ocr_line' id='line_1_1' title="bbox 133 121 865 198; baseline 0.005 -20"><span class='ocrx_word' id='word_1_1' title='bbox 133 121 197 189; x_wconf 68' lang='lat' dir='ltr'><strong>tol</strong></span> <span class='ocrx_word' id='word_1_2' title='bbox 427 136 464 178; x_wconf 86' lang='lat' dir='ltr'><strong>nr</strong></span> <span class='ocrx_word' id='word_1_3' title='bbox 486 132 631 179; x_wconf 70' lang='lat' dir='ltr'><strong>emenoni</strong></span> <span class='ocrx_word' id='word_1_4' title='bbox 651 133 839 186; x_wconf 63' lang='lat' dir='ltr'><strong>enemente.</strong></span> <span class='ocrx_word' id='word_1_5' title='bbox 859 193 865 198; x_wconf 21' lang='lat' dir='ltr'>J</span> 
     </span>
    </p>
   </div>
   <div class='ocr_carea' id='block_1_2' title="bbox 569 332 718 403">
    <p class='ocr_par' dir='ltr' id='par_1_2' title="bbox 569 332 718 403">
     <span class='ocr_line' id='line_1_2' title="bbox 569 332 718 403; baseline 0.027 -21"><span class='ocrx_word' id='word_1_6' title='bbox 569 332 718 403; x_wconf 30' lang='grc' dir='ltr'><strong>μ’</strong></span> 
     </span>
    </p>
   </div>
   <div class='ocr_carea' id='block_1_3' title="bbox 145 417 1081 509">
    <p class='ocr_par' dir='ltr' id='par_1_3' title="bbox 145 417 1081 509">
     <span class='ocr_line' id='line_1_3' title="bbox 145 417 1081 509; baseline -0.003 -14"><span class='ocrx_word' id='word_1_7' title='bbox 145 439 149 446; x_wconf 83' lang='lat'>&#39;</span> <span class='ocrx_word' id='word_1_8' title='bbox 192 441 261 504; x_wconf 74' lang='lat' dir='ltr'><strong>Quos</strong></span> <span class='ocrx_word' id='word_1_9' title='bbox 281 441 368 494; x_wconf 77' lang='lat' dir='ltr'><strong>modis</strong></span> <span class='ocrx_word' id='word_1_10' title='bbox 383 448 512 509; x_wconf 77' lang='lat' dir='ltr'><strong>peccetur</strong></span> <span class='ocrx_word' id='word_1_11' title='bbox 531 440 559 490; x_wconf 84' lang='lat' dir='ltr'><strong>r&#39;n</strong></span> <span class='ocrx_word' id='word_1_12' title='bbox 580 439 724 491; x_wconf 80' lang='lat' dir='ltr'><strong>secundum</strong></span> <span class='ocrx_word' id='word_1_13' title='bbox 745 417 868 506; x_wconf 64' lang='lat' dir='ltr'><strong>demeret</strong></span> <span class='ocrx_word' id='word_1_14' title='bbox 884 446 1081 508; x_wconf 79' lang='lat' dir='ltr'><strong>praeceptum.</strong></span> 
     </span>
    </p>
   </div>
   <div class='ocr_carea' id='block_1_4' title="bbox 132 571 1139 967">
    <p class='ocr_par' dir='ltr' id='par_1_4' title="bbox 132 571 1139 967">
     <span class='ocr_line' id='line_1_4' title="bbox 195 571 1139 644; baseline -0.008 -10"><span class='ocrx_word' id='word_1_15' title='bbox 195 576 221 634; x_wconf 91' lang='lat' dir='ltr'><strong>l.</strong></span> <span class='ocrx_word' id='word_1_16' title='bbox 264 576 371 632; x_wconf 75' lang='lat' dir='ltr'><strong>Contio</strong></span> <span class='ocrx_word' id='word_1_17' title='bbox 391 571 551 630; x_wconf 86' lang='lat' dir='ltr'><strong>secundnm</strong></span> <span class='ocrx_word' id='word_1_18' title='bbox 572 573 703 644; x_wconf 71' lang='lat' dir='ltr'><strong>decalogi</strong></span> <span class='ocrx_word' id='word_1_19' title='bbox 725 580 911 643; x_wconf 73' lang='lat' dir='ltr'><strong>praeceptum</strong></span> <span class='ocrx_word' id='word_1_20' title='bbox 934 581 1063 642; x_wconf 79' lang='lat' dir='ltr'><strong>peccem</strong></span> <span class='ocrx_word' id='word_1_21' title='bbox 1084 575 1139 640; x_wconf 89' lang='lat' dir='ltr'><strong>illi,</strong></span> 
     </span>
     <span class='ocr_line' id='line_1_5' title="bbox 134 652 1137 729; baseline -0.008 -15"><span class='ocrx_word' id='word_1_22' title='bbox 134 659 186 729; x_wconf 88' lang='lat' dir='ltr'><strong>qni</strong></span> <span class='ocrx_word' id='word_1_23' title='bbox 203 655 369 728; x_wconf 71' lang='lat' dir='ltr'><strong>juramento</strong></span> <span class='ocrx_word' id='word_1_24' title='bbox 390 653 495 708; x_wconf 80' lang='lat' dir='ltr'><strong>itlsum</strong></span> <span class='ocrx_word' id='word_1_25' title='bbox 517 661 689 722; x_wconf 68' lang='lat' dir='ltr'><strong>asseverant,</strong></span> <span class='ocrx_word' id='word_1_26' title='bbox 712 654 833 706; x_wconf 85' lang='lat' dir='ltr'><strong>solentes</strong></span> <span class='ocrx_word' id='word_1_27' title='bbox 852 659 903 706; x_wconf 79' lang='lat' dir='ltr'><strong>sut</strong></span> <span class='ocrx_word' id='word_1_28' title='bbox 925 652 1137 719; x_wconf 66' lang='lat' dir='ltr'><strong>existimantes,</strong></span> 
     </span>
     <span class='ocr_line' id='line_1_6' title="bbox 132 731 1138 800; baseline -0.01 -6"><span class='ocrx_word' id='word_1_29' title='bbox 132 751 194 794; x_wconf 85' lang='lat' dir='ltr'><strong>esso</strong></span> <span class='ocrx_word' id='word_1_30' title='bbox 216 736 336 800; x_wconf 81' lang='lat' dir='ltr'><strong>fulsum,</strong></span> <span class='ocrx_word' id='word_1_31' title='bbox 366 739 416 797; x_wconf 77' lang='lat' dir='ltr'><strong>rut</strong></span> <span class='ocrx_word' id='word_1_32' title='bbox 436 731 617 799; x_wconf 71' lang='lat' dir='ltr'><strong>dubitantes,</strong></span> <span class='ocrx_word' id='word_1_33' title='bbox 643 745 712 788; x_wconf 88' lang='lat' dir='ltr'><strong>num</strong></span> <span class='ocrx_word' id='word_1_34' title='bbox 734 731 771 784; x_wconf 90' lang='lat' dir='ltr'><strong>sit</strong></span> <span class='ocrx_word' id='word_1_35' title='bbox 792 746 909 800; x_wconf 83' lang='lat' dir='ltr'><strong>verum,</strong></span> <span class='ocrx_word' id='word_1_36' title='bbox 932 731 998 786; x_wconf 85' lang='lat' dir='ltr'><strong>sive</strong></span> <span class='ocrx_word' id='word_1_37' title='bbox 1020 731 1053 786; x_wconf 87' lang='lat' dir='ltr'><strong>id</strong></span> <span class='ocrx_word' id='word_1_38' title='bbox 1071 747 1138 786; x_wconf 90' lang='lat' dir='ltr'><strong>oon-</strong></span> 
     </span>
     <span class='ocr_line' id='line_1_7' title="bbox 133 808 1138 888; baseline -0.008 -16"><span class='ocrx_word' id='word_1_39' title='bbox 133 817 227 888; x_wconf 81' lang='lat' dir='ltr'><strong>tingnt</strong></span> <span class='ocrx_word' id='word_1_40' title='bbox 246 815 277 866; x_wconf 92' lang='lat' dir='ltr'><strong>in</strong></span> <span class='ocrx_word' id='word_1_41' title='bbox 300 828 329 866; x_wconf 91' lang='lat' dir='ltr'><strong>re</strong></span> <span class='ocrx_word' id='word_1_42' title='bbox 351 811 419 864; x_wconf 87' lang='lat' dir='ltr'><strong>levi</strong></span> <span class='ocrx_word' id='word_1_43' title='bbox 432 818 481 865; x_wconf 77' lang='lat' dir='ltr'><strong>out</strong></span> <span class='ocrx_word' id='word_1_44' title='bbox 503 813 602 882; x_wconf 77' lang='lat' dir='ltr'><strong>gravi,</strong></span> <span class='ocrx_word' id='word_1_45' title='bbox 629 811 691 866; x_wconf 85' lang='lat' dir='ltr'><strong>sive</strong></span> <span class='ocrx_word' id='word_1_46' title='bbox 708 808 830 881; x_wconf 78' lang='lat' dir='ltr'><strong>jocandi</strong></span> <span class='ocrx_word' id='word_1_47' title='bbox 852 819 902 866; x_wconf 80' lang='lat' dir='ltr'><strong>cut</strong></span> <span class='ocrx_word' id='word_1_48' title='bbox 923 827 955 865; x_wconf 86' lang='lat' dir='ltr'><strong>se</strong></span> <span class='ocrx_word' id='word_1_49' title='bbox 976 812 1138 870; x_wconf 69' lang='lat' dir='ltr'><strong>excusandi</strong></span> 
     </span>
     <span class='ocr_line' id='line_1_8' title="bbox 134 888 1138 967; baseline -0.004 -19"><span class='ocrx_word' id='word_1_50' title='bbox 134 895 227 967; x_wconf 77' lang='lat' dir='ltr'><strong>gretie</strong></span> <span class='ocrx_word' id='word_1_51' title='bbox 245 891 279 946; x_wconf 84' lang='lat' dir='ltr'><strong>id</strong></span> <span class='ocrx_word' id='word_1_52' title='bbox 300 891 428 956; x_wconf 75' lang='lat' dir='ltr'><strong>fuciunt,</strong></span> <span class='ocrx_word' id='word_1_53' title='bbox 456 893 555 960; x_wconf 87' lang='lat' dir='ltr'><strong>etqui</strong></span> <span class='ocrx_word' id='word_1_54' title='bbox 577 907 607 944; x_wconf 88' lang='lat' dir='ltr'><strong>se</strong></span> <span class='ocrx_word' id='word_1_55' title='bbox 627 890 758 960; x_wconf 84' lang='lat' dir='ltr'><strong>periculo</strong></span> <span class='ocrx_word' id='word_1_56' title='bbox 779 890 888 943; x_wconf 78' lang='lat' dir='ltr'><strong>salsum</strong></span> <span class='ocrx_word' id='word_1_57' title='bbox 902 888 1032 960; x_wconf 81' lang='lat' dir='ltr'><strong>jurandi</strong></span> <span class='ocrx_word' id='word_1_58' title='bbox 1053 905 1138 961; x_wconf 69' lang='lat' dir='ltr'><strong>exno-</strong></span> 
     </span>
    </p>
   </div>
   <div class='ocr_carea' id='block_1_5' title="bbox 134 929 1175 1039">
    <p class='ocr_par' dir='ltr' id='par_1_5' title="bbox 134 929 1175 1039">
     <span class='ocr_line' id='line_1_9' title="bbox 134 929 1175 1039; baseline -0.007 -12"><span class='ocrx_word' id='word_1_59' title='bbox 134 980 220 1037; x_wconf 90' lang='lat' dir='ltr'><strong>nunt,</strong></span> <span class='ocrx_word' id='word_1_60' title='bbox 247 977 301 1026; x_wconf 73' lang='lat' dir='ltr'><strong>eut</strong></span> <span class='ocrx_word' id='word_1_61' title='bbox 322 970 373 1039; x_wconf 86' lang='lat' dir='ltr'><strong>qui</strong></span> <span class='ocrx_word' id='word_1_62' title='bbox 394 929 577 1024; x_wconf 74' lang='lat' dir='ltr'><strong>advertentes</strong></span> <span class='ocrx_word' id='word_1_63' title='bbox 597 985 634 1024; x_wconf 85' lang='lat' dir='ltr'><strong>ex</strong></span> <span class='ocrx_word' id='word_1_64' title='bbox 656 984 747 1039; x_wconf 78' lang='lat' dir='ltr'><strong>prees</strong></span> <span class='ocrx_word' id='word_1_65' title='bbox 770 965 892 1039; x_wconf 76' lang='lat' dir='ltr'><strong>jurandi</strong></span> <span class='ocrx_word' id='word_1_66' title='bbox 911 970 1138 1036; x_wconf 84' lang='lat' dir='ltr'><strong>consuetudine,</strong></span> <span class='ocrx_word' id='word_1_67' title='bbox 1174 1017 1175 1020; x_wconf 74' lang='grc'>,</span> 
     </span>
    </p>
   </div>
   <div class='ocr_carea' id='block_1_6' title="bbox 128 1047 1175 1438">
    <p class='ocr_par' dir='ltr' id='par_1_6' title="bbox 128 1047 1116 1120">
     <span class='ocr_line' id='line_1_10' title="bbox 128 1047 1116 1120; baseline -0.002 -14"><span class='ocrx_word' id='word_1_68' title='bbox 128 1067 164 1106; x_wconf 70' lang='grc' dir='ltr'><strong>ἰι</strong></span> <span class='ocrx_word' id='word_1_69' title='bbox 185 1047 377 1120; x_wconf 83' lang='lat' dir='ltr'><strong>trequenter&#39;</strong></span> <span class='ocrx_word' id='word_1_70' title='bbox 364 1063 467 1118; x_wconf 80' lang='lat' dir='ltr'><strong>Jursre</strong></span> <span class='ocrx_word' id='word_1_71' title='bbox 489 1048 610 1117; x_wconf 78' lang='lat' dir='ltr'><strong>tultum,</strong></span> <span class='ocrx_word' id='word_1_72' title='bbox 633 1048 669 1104; x_wconf 91' lang='lat' dir='ltr'><strong>de</strong></span> <span class='ocrx_word' id='word_1_73' title='bbox 690 1047 891 1104; x_wconf 78' lang='lat' dir='ltr'><strong>emendatione</strong></span> <span class='ocrx_word' id='word_1_74' title='bbox 911 1062 970 1100; x_wconf 84' lang='lat' dir='ltr'><strong>uon</strong></span> <span class='ocrx_word' id='word_1_75' title='bbox 995 1059 1116 1104; x_wconf 75' lang='lat' dir='ltr'><strong>curent.</strong></span> 
     </span>
    </p>

    <p class='ocr_par' dir='ltr' id='par_1_7' title="bbox 135 1125 1175 1438">
     <span class='ocr_line' id='line_1_11' title="bbox 193 1125 1175 1199; baseline -0.002 -15"><span class='ocrx_word' id='word_1_76' title='bbox 193 1128 221 1184; x_wconf 68' lang='grc' dir='ltr'><strong>Β.</strong></span> <span class='ocrx_word' id='word_1_77' title='bbox 258 1129 344 1184; x_wconf 89' lang='lat' dir='ltr'><strong>Item</strong></span> <span class='ocrx_word' id='word_1_78' title='bbox 351 1128 405 1199; x_wconf 89' lang='lat' dir='ltr'><strong>qni</strong></span> <span class='ocrx_word' id='word_1_79' title='bbox 417 1127 583 1199; x_wconf 83' lang='lat' dir='ltr'><strong>juramento</strong></span> <span class='ocrx_word' id='word_1_80' title='bbox 605 1129 791 1198; x_wconf 68' lang='lat' dir='ltr'><strong>pollicentur,</strong></span> <span class='ocrx_word' id='word_1_81' title='bbox 813 1141 844 1180; x_wconf 88' lang='lat' dir='ltr'><strong>se</strong></span> <span class='ocrx_word' id='word_1_82' title='bbox 863 1126 979 1197; x_wconf 75' lang='lat' dir='ltr'><strong>reliquid</strong></span> <span class='ocrx_word' id='word_1_83' title='bbox 1001 1125 1175 1194; x_wconf 77' lang='lat' dir='ltr'><strong>tacturos,</strong></span> 
     </span>
     <span class='ocr_line' id='line_1_12' title="bbox 136 1206 1175 1282; baseline -0.004 -16"><span class='ocrx_word' id='word_1_84' title='bbox 136 1208 213 1282; x_wconf 84' lang='lat' dir='ltr'><strong>qnod</strong></span> <span class='ocrx_word' id='word_1_85' title='bbox 235 1216 330 1263; x_wconf 81' lang='lat' dir='ltr'><strong>tumen</strong></span> <span class='ocrx_word' id='word_1_86' title='bbox 346 1223 403 1262; x_wconf 93' lang='lat' dir='ltr'><strong>non</strong></span> <span class='ocrx_word' id='word_1_87' title='bbox 418 1207 582 1275; x_wconf 87' lang='lat' dir='ltr'><strong>intendunt,</strong></span> <span class='ocrx_word' id='word_1_88' title='bbox 604 1213 654 1262; x_wconf 77' lang='lat' dir='ltr'><strong>rut</strong></span> <span class='ocrx_word' id='word_1_89' title='bbox 669 1209 730 1278; x_wconf 90' lang='lat' dir='ltr'><strong>qui,</strong></span> <span class='ocrx_word' id='word_1_90' title='bbox 752 1213 904 1277; x_wconf 77' lang='lat' dir='ltr'><strong>postquem</strong></span> <span class='ocrx_word' id='word_1_91' title='bbox 919 1221 949 1260; x_wconf 81' lang='lat' dir='ltr'><strong>se</strong></span> <span class='ocrx_word' id='word_1_92' title='bbox 966 1206 1175 1276; x_wconf 75' lang='lat' dir='ltr'><strong>juramento</strong></span> 
     </span>
     <span class='ocr_line' id='line_1_13' title="bbox 135 1283 1141 1358; baseline -0.004 -14"><span class='ocrx_word' id='word_1_93' title='bbox 135 1289 355 1344; x_wconf 82' lang='lat' dir='ltr'><strong>obstrinxerunt</strong></span> <span class='ocrx_word' id='word_1_94' title='bbox 376 1287 414 1342; x_wconf 84' lang='lat' dir='ltr'><strong>ed</strong></span> <span class='ocrx_word' id='word_1_95' title='bbox 429 1286 544 1356; x_wconf 78' lang='lat' dir='ltr'><strong>aliquid</strong></span> <span class='ocrx_word' id='word_1_96' title='bbox 558 1287 746 1358; x_wconf 75' lang='lat' dir='ltr'><strong>iaciendum,</strong></span> <span class='ocrx_word' id='word_1_97' title='bbox 743 1284 843 1340; x_wconf 87' lang='lat' dir='ltr'><strong>illud</strong></span> <span class='ocrx_word' id='word_1_98' title='bbox 841 1283 1012 1355; x_wconf 78' lang='lat' dir='ltr'><strong>adimplere</strong></span> <span class='ocrx_word' id='word_1_99' title='bbox 1027 1289 1141 1354; x_wconf 83' lang='lat' dir='ltr'><strong>nolunt,</strong></span> 
     </span>
     <span class='ocr_line' id='line_1_14' title="bbox 135 1364 866 1438; baseline -0.003 -18"><span class='ocrx_word' id='word_1_100' title='bbox 135 1369 183 1422; x_wconf 88' lang='lat' dir='ltr'><strong>vel</strong></span> <span class='ocrx_word' id='word_1_101' title='bbox 205 1367 256 1438; x_wconf 85' lang='lat' dir='ltr'><strong>qni</strong></span> <span class='ocrx_word' id='word_1_102' title='bbox 273 1364 375 1437; x_wconf 80' lang='lat' dir='ltr'><strong>jurent</strong></span> <span class='ocrx_word' id='word_1_103' title='bbox 396 1366 431 1420; x_wconf 88' lang='lat' dir='ltr'><strong>de</strong></span> <span class='ocrx_word' id='word_1_104' title='bbox 453 1382 482 1424; x_wconf 83' lang='lat' dir='ltr'><strong>re</strong></span> <span class='ocrx_word' id='word_1_105' title='bbox 504 1367 604 1436; x_wconf 79' lang='lat' dir='ltr'><strong>ulique</strong></span> <span class='ocrx_word' id='word_1_106' title='bbox 624 1367 701 1421; x_wconf 77' lang='lat' dir='ltr'><strong>muln</strong></span> <span class='ocrx_word' id='word_1_107' title='bbox 723 1364 866 1420; x_wconf 74' lang='lat' dir='ltr'><strong>iacienda.</strong></span> 
     </span>
    </p>
   </div>
   <div class='ocr_carea' id='block_1_7' title="bbox 135 1446 1175 1597">
    <p class='ocr_par' dir='ltr' id='par_1_8' title="bbox 135 1446 1175 1597">
     <span class='ocr_line' id='line_1_15' title="bbox 197 1446 1175 1524; baseline -0.001 -24"><span class='ocrx_word' id='word_1_108' title='bbox 197 1447 322 1502; x_wconf 82' lang='lat' dir='ltr'><strong>Peccrnt</strong></span> <span class='ocrx_word' id='word_1_109' title='bbox 343 1446 429 1500; x_wconf 78' lang='lat' dir='ltr'><strong>etium</strong></span> <span class='ocrx_word' id='word_1_110' title='bbox 451 1452 551 1500; x_wconf 80' lang='lat' dir='ltr'><strong>contro</strong></span> <span class='ocrx_word' id='word_1_111' title='bbox 570 1446 628 1502; x_wconf 87' lang='lat' dir='ltr'><strong>hoc</strong></span> <span class='ocrx_word' id='word_1_112' title='bbox 650 1453 850 1516; x_wconf 70' lang='lat' dir='ltr'><strong>praeceptum,</strong></span> <span class='ocrx_word' id='word_1_113' title='bbox 879 1447 930 1514; x_wconf 86' lang='lat' dir='ltr'><strong>qni</strong></span> <span class='ocrx_word' id='word_1_114' title='bbox 950 1461 1059 1500; x_wconf 82' lang='lat' dir='ltr'><strong>verum</strong></span> <span class='ocrx_word' id='word_1_115' title='bbox 1086 1447 1175 1517; x_wconf 89' lang='lat' dir='ltr'><strong>qni·</strong></span> <span class='ocrx_word' id='word_1_116' title='bbox 1174 1493 1175 1524; x_wconf 43' lang='lat' dir='ltr'>J</span> 
     </span>
     <span class='ocr_line' id='line_1_16' title="bbox 135 1524 1175 1597; baseline -0.002 -15"><span class='ocrx_word' id='word_1_117' title='bbox 135 1528 201 1582; x_wconf 89' lang='lat' dir='ltr'><strong>dem</strong></span> <span class='ocrx_word' id='word_1_118' title='bbox 218 1525 334 1597; x_wconf 83' lang='lat' dir='ltr'><strong>jurent,</strong></span> <span class='ocrx_word' id='word_1_119' title='bbox 363 1524 415 1579; x_wconf 86' lang='lat' dir='ltr'><strong>sed</strong></span> <span class='ocrx_word' id='word_1_120' title='bbox 443 1525 767 1594; x_wconf 77' lang='lat' dir='ltr'><strong>ubsqnenecessitrte,</strong></span> <span class='ocrx_word' id='word_1_121' title='bbox 796 1525 843 1576; x_wconf 88' lang='lat' dir='ltr'><strong>vel</strong></span> <span class='ocrx_word' id='word_1_122' title='bbox 865 1526 895 1578; x_wconf 93' lang='lat' dir='ltr'><strong>in</strong></span> <span class='ocrx_word' id='word_1_123' title='bbox 917 1539 958 1578; x_wconf 87' lang='lat' dir='ltr'><strong>re.</strong></span> <span class='ocrx_word' id='word_1_124' title='bbox 975 1525 1060 1578; x_wconf 82' lang='lat' dir='ltr'><strong>levis</strong></span> <span class='ocrx_word' id='word_1_125' title='bbox 1089 1543 1142 1580; x_wconf 82' lang='lat' dir='ltr'><strong>mo</strong></span> <span class='ocrx_word' id='word_1_126' title='bbox 1174 1527 1175 1534; x_wconf 45' lang='lat'>³</span> 
     </span>
    </p>
   </div>
   <div class='ocr_carea' id='block_1_8' title="bbox 133 1603 1142 1754">
    <p class='ocr_par' dir='ltr' id='par_1_9' title="bbox 133 1603 1142 1754">
     <span class='ocr_line' id='line_1_17' title="bbox 133 1603 1141 1674; baseline -0.003 -13"><span class='ocrx_word' id='word_1_127' title='bbox 133 1605 239 1670; x_wconf 85' lang='lat' dir='ltr'><strong>menti,</strong></span> <span class='ocrx_word' id='word_1_128' title='bbox 269 1612 296 1659; x_wconf 90' lang='lat' dir='ltr'><strong>et</strong></span> <span class='ocrx_word' id='word_1_129' title='bbox 324 1604 378 1658; x_wconf 87' lang='lat' dir='ltr'><strong>boc</strong></span> <span class='ocrx_word' id='word_1_130' title='bbox 406 1612 570 1672; x_wconf 76' lang='lat' dir='ltr'><strong>peccatum,</strong></span> <span class='ocrx_word' id='word_1_131' title='bbox 600 1612 632 1658; x_wconf 90' lang='lat' dir='ltr'><strong>nt</strong></span> <span class='ocrx_word' id='word_1_132' title='bbox 656 1603 741 1658; x_wconf 85' lang='lat' dir='ltr'><strong>donet</strong></span> <span class='ocrx_word' id='word_1_133' title='bbox 761 1604 893 1670; x_wconf 76' lang='lat' dir='ltr'><strong>Tolerus,</strong></span> <span class='ocrx_word' id='word_1_134' title='bbox 922 1605 1141 1674; x_wconf 78' lang='lat' dir='ltr'><strong>utplurimum</strong></span> 
     </span>
     <span class='ocr_line' id='line_1_18' title="bbox 136 1680 1142 1754; baseline -0.001 -15"><span class='ocrx_word' id='word_1_135' title='bbox 136 1680 338 1739; x_wconf 80' lang='lat' dir='ltr'><strong>tantummodo</strong></span> <span class='ocrx_word' id='word_1_136' title='bbox 361 1683 474 1736; x_wconf 76' lang='lat' dir='ltr'><strong>veniale</strong></span> <span class='ocrx_word' id='word_1_137' title='bbox 496 1690 550 1750; x_wconf 88' lang='lat' dir='ltr'><strong>est,</strong></span> <span class='ocrx_word' id='word_1_138' title='bbox 570 1683 629 1736; x_wconf 90' lang='lat' dir='ltr'><strong>nisi</strong></span> <span class='ocrx_word' id='word_1_139' title='bbox 649 1683 724 1738; x_wconf 78' lang='lat' dir='ltr'><strong>torte</strong></span> <span class='ocrx_word' id='word_1_140' title='bbox 743 1683 781 1737; x_wconf 90' lang='lat' dir='ltr'><strong>ob</strong></span> <span class='ocrx_word' id='word_1_141' title='bbox 795 1697 914 1752; x_wconf 78' lang='lat' dir='ltr'><strong>pravum</strong></span> <span class='ocrx_word' id='word_1_142' title='bbox 931 1682 1064 1754; x_wconf 75' lang='lat' dir='ltr'><strong>jurandi</strong></span> <span class='ocrx_word' id='word_1_143' title='bbox 1080 1700 1142 1740; x_wconf 87' lang='lat' dir='ltr'><strong>eou-</strong></span> 
     </span>
    </p>
   </div>
   <div class='ocr_carea' id='block_1_9' title="bbox 135 1758 1142 1853">
    <p class='ocr_par' dir='ltr' id='par_1_10' title="bbox 135 1753 1175 1854">
     <span class='ocr_line' id='line_1_19' title="bbox 135 1758 1142 1853; baseline 0 -37"><span class='ocrx_word' id='word_1_144' title='bbox 135 1758 316 1822; x_wconf 73' lang='lat' dir='ltr'><strong>suetudinem</strong></span> <span class='ocrx_word' id='word_1_145' title='bbox 328 1768 356 1814; x_wconf 82' lang='lat' dir='ltr'><strong>et</strong></span> <span class='ocrx_word' id='word_1_146' title='bbox 366 1761 528 1853; x_wconf 80' lang='lat' dir='ltr'><strong>periculum</strong></span> <span class='ocrx_word' id='word_1_147' title='bbox 539 1761 711 1832; x_wconf 75' lang='lat' dir='ltr'><strong>perjurandi</strong></span> <span class='ocrx_word' id='word_1_148' title='bbox 722 1763 772 1816; x_wconf 81' lang='lat' dir='ltr'><strong>fiet</strong></span> <span class='ocrx_word' id='word_1_149' title='bbox 783 1762 913 1828; x_wconf 79' lang='lat' dir='ltr'><strong>mortale,</strong></span> <span class='ocrx_word' id='word_1_150' title='bbox 924 1764 1142 1834; x_wconf 80' lang='lat' dir='ltr'><strong>utplerumqne</strong></span> 
     </span>
    </p>
   </div>
   <div class='ocr_carea' id='block_1_10' title="bbox 134 1840 1175 2070">
    <p class='ocr_par' dir='ltr' id='par_1_11' title="bbox 134 1840 1175 2070">
     <span class='ocr_line' id='line_1_20' title="bbox 137 1840 1175 1912; baseline 0 -16"><span class='ocrx_word' id='word_1_151' title='bbox 137 1840 304 1910; x_wconf 83' lang='lat' dir='ltr'><strong>contingere</strong></span> <span class='ocrx_word' id='word_1_152' title='bbox 323 1845 418 1910; x_wconf 83' lang='lat' dir='ltr'><strong>potest</strong></span> <span class='ocrx_word' id='word_1_153' title='bbox 446 1841 476 1896; x_wconf 89' lang='lat' dir='ltr'><strong>iu</strong></span> <span class='ocrx_word' id='word_1_154' title='bbox 501 1842 579 1908; x_wconf 91' lang='lat' dir='ltr'><strong>illis,</strong></span> <span class='ocrx_word' id='word_1_155' title='bbox 609 1841 660 1912; x_wconf 89' lang='lat' dir='ltr'><strong>qui</strong></span> <span class='ocrx_word' id='word_1_156' title='bbox 689 1855 860 1912; x_wconf 80' lang='lat' dir='ltr'><strong>quecunque</strong></span> <span class='ocrx_word' id='word_1_157' title='bbox 888 1841 958 1896; x_wconf 72' lang='lat' dir='ltr'><strong>dots</strong></span> <span class='ocrx_word' id='word_1_158' title='bbox 984 1845 1175 1904; x_wconf 76' lang='lat' dir='ltr'><strong>occasione</strong></span> 
     </span>
     <span class='ocr_line' id='line_1_21' title="bbox 134 1917 1143 1992; baseline 0 -18"><span class='ocrx_word' id='word_1_159' title='bbox 134 1917 316 1974; x_wconf 76' lang='lat' dir='ltr'><strong>adorandum</strong></span> <span class='ocrx_word' id='word_1_160' title='bbox 332 1919 385 1974; x_wconf 87' lang='lat' dir='ltr'><strong>Dei</strong></span> <span class='ocrx_word' id='word_1_161' title='bbox 400 1931 503 1975; x_wconf 91' lang='lat' dir='ltr'><strong>nomen</strong></span> <span class='ocrx_word' id='word_1_162' title='bbox 525 1922 716 1977; x_wconf 80' lang='lat' dir='ltr'><strong>irreverenter</strong></span> <span class='ocrx_word' id='word_1_163' title='bbox 736 1928 765 1974; x_wconf 83' lang='lat' dir='ltr'><strong>ot</strong></span> <span class='ocrx_word' id='word_1_164' title='bbox 785 1937 842 1975; x_wconf 91' lang='lat' dir='ltr'><strong>non</strong></span> <span class='ocrx_word' id='word_1_165' title='bbox 865 1921 927 1975; x_wconf 85' lang='lat' dir='ltr'><strong>sine</strong></span> <span class='ocrx_word' id='word_1_166' title='bbox 949 1919 1057 1992; x_wconf 81' lang='lat' dir='ltr'><strong>ulique</strong></span> <span class='ocrx_word' id='word_1_167' title='bbox 1078 1938 1143 1977; x_wconf 91' lang='lat' dir='ltr'><strong>con-</strong></span> 
     </span>
     <span class='ocr_line' id='line_1_22' title="bbox 135 1996 1175 2070; baseline 0.002 -17"><span class='ocrx_word' id='word_1_168' title='bbox 135 2005 246 2068; x_wconf 88' lang='lat' dir='ltr'><strong>temptu</strong></span> <span class='ocrx_word' id='word_1_169' title='bbox 273 1998 359 2054; x_wconf 84' lang='lat' dir='ltr'><strong>rebus</strong></span> <span class='ocrx_word' id='word_1_170' title='bbox 389 1996 513 2056; x_wconf 84' lang='lat' dir='ltr'><strong>ludicris</strong></span> <span class='ocrx_word' id='word_1_171' title='bbox 541 2007 569 2054; x_wconf 87' lang='lat' dir='ltr'><strong>et</strong></span> <span class='ocrx_word' id='word_1_172' title='bbox 596 2000 710 2056; x_wconf 77' lang='lat' dir='ltr'><strong>frivolis</strong></span> <span class='ocrx_word' id='word_1_173' title='bbox 738 2001 940 2070; x_wconf 83' lang='lat' dir='ltr'><strong>interponunt,</strong></span> <span class='ocrx_word' id='word_1_174' title='bbox 969 2003 1023 2056; x_wconf 87' lang='lat' dir='ltr'><strong>vel</strong></span> <span class='ocrx_word' id='word_1_175' title='bbox 1052 2017 1084 2056; x_wconf 84' lang='lat' dir='ltr'><strong>se</strong></span> <span class='ocrx_word' id='word_1_176' title='bbox 1105 2001 1175 2056; x_wconf 91' lang='lat' dir='ltr'><strong>ob</strong></span> 
     </span>
    </p>
   </div>
   <div class='ocr_carea' id='block_1_11' title="bbox 134 2069 1175 2150">
    <p class='ocr_par' dir='ltr' id='par_1_12' title="bbox 134 2069 1175 2150">
     <span class='ocr_line' id='line_1_23' title="bbox 134 2069 1175 2150; baseline 0 -16"><span class='ocrx_word' id='word_1_177' title='bbox 134 2095 181 2134; x_wconf 84' lang='lat' dir='ltr'><strong>res</strong></span> <span class='ocrx_word' id='word_1_178' title='bbox 201 2077 365 2134; x_wconf 79' lang='lat' dir='ltr'><strong>levissimos</strong></span> <span class='ocrx_word' id='word_1_179' title='bbox 380 2078 522 2134; x_wconf 52' lang='lat' dir='ltr'><strong>*dromoni</strong></span> <span class='ocrx_word' id='word_1_180' title='bbox 544 2079 701 2146; x_wconf 80' lang='lat' dir='ltr'><strong>devovent,</strong></span> <span class='ocrx_word' id='word_1_181' title='bbox 732 2087 780 2134; x_wconf 85' lang='lat' dir='ltr'><strong>ent</strong></span> <span class='ocrx_word' id='word_1_182' title='bbox 805 2079 863 2135; x_wconf 85' lang='lat' dir='ltr'><strong>elio</strong></span> <span class='ocrx_word' id='word_1_183' title='bbox 880 2078 1056 2150; x_wconf 75' lang='lat' dir='ltr'><strong>juramento</strong></span> <span class='ocrx_word' id='word_1_184' title='bbox 1079 2098 1143 2136; x_wconf 75' lang='lat' dir='ltr'><strong>exe</strong></span> <span class='ocrx_word' id='word_1_185' title='bbox 1174 2069 1175 2148; x_wconf 83' lang='lat' dir='ltr'>J</span> 
     </span>
    </p>
   </div>
   <div class='ocr_carea' id='block_1_12' title="bbox 129 2157 1143 2547">
    <p class='ocr_par' dir='ltr' id='par_1_13' title="bbox 137 2157 408 2214">
     <span class='ocr_line' id='line_1_24' title="bbox 137 2157 408 2214; baseline -0.008 0"><span class='ocrx_word' id='word_1_186' title='bbox 137 2157 261 2214; x_wconf 75' lang='lat' dir='ltr'><strong>oratorio</strong></span> <span class='ocrx_word' id='word_1_187' title='bbox 282 2166 408 2212; x_wconf 84' lang='lat' dir='ltr'><strong>utuntur.</strong></span> 
     </span>
    </p>

    <p class='ocr_par' dir='ltr' id='par_1_14' title="bbox 129 2237 1143 2547">
     <span class='ocr_line' id='line_1_25' title="bbox 196 2237 1143 2328; baseline 0.004 -38"><span class='ocrx_word' id='word_1_188' title='bbox 196 2238 320 2291; x_wconf 79' lang='lat' dir='ltr'><strong>Peoount</strong></span> <span class='ocrx_word' id='word_1_189' title='bbox 346 2245 494 2308; x_wconf 70' lang='lat' dir='ltr'><strong>praeterea</strong></span> <span class='ocrx_word' id='word_1_190' title='bbox 519 2237 580 2328; x_wconf 79' lang='lat' dir='ltr'><strong>illi,</strong></span> <span class='ocrx_word' id='word_1_191' title='bbox 609 2239 660 2307; x_wconf 89' lang='lat' dir='ltr'><strong>qui</strong></span> <span class='ocrx_word' id='word_1_192' title='bbox 688 2238 920 2307; x_wconf 77' lang='lat' dir='ltr'><strong>blasphemius</strong></span> <span class='ocrx_word' id='word_1_193' title='bbox 911 2255 942 2292; x_wconf 89' lang='grc' dir='ltr'><strong>ιιι</strong></span> <span class='ocrx_word' id='word_1_194' title='bbox 965 2239 1065 2296; x_wconf 85' lang='lat' dir='ltr'><strong>Deum</strong></span> <span class='ocrx_word' id='word_1_195' title='bbox 1096 2241 1143 2295; x_wconf 84' lang='lat' dir='ltr'><strong>rel</strong></span> 
     </span>
     <span class='ocr_line' id='line_1_26' title="bbox 129 2315 1142 2394; baseline 0.002 -24"><span class='ocrx_word' id='word_1_196' title='bbox 129 2317 256 2374; x_wconf 84' lang='lat' dir='ltr'><strong>¹Senotos</strong></span> <span class='ocrx_word' id='word_1_197' title='bbox 271 2318 430 2386; x_wconf 80' lang='lat' dir='ltr'><strong>proferunt,</strong></span> <span class='ocrx_word' id='word_1_198' title='bbox 452 2316 547 2370; x_wconf 88' lang='lat' dir='ltr'><strong>illos&#39;</strong></span> <span class='ocrx_word' id='word_1_199' title='bbox 538 2315 680 2387; x_wconf 80' lang='lat' dir='ltr'><strong>injuriose</strong></span> <span class='ocrx_word' id='word_1_200' title='bbox 701 2325 730 2370; x_wconf 87' lang='lat' dir='ltr'><strong>et</strong></span> <span class='ocrx_word' id='word_1_201' title='bbox 750 2317 959 2394; x_wconf 74' lang='lat' dir='ltr'><strong>contumeliose</strong></span> <span class='ocrx_word' id='word_1_202' title='bbox 972 2321 1142 2386; x_wconf 75' lang='lat' dir='ltr'><strong>nominent,</strong></span> 
     </span>
     <span class='ocr_line' id='line_1_27' title="bbox 135 2393 1143 2468; baseline 0.002 -18"><span class='ocrx_word' id='word_1_203' title='bbox 135 2393 198 2450; x_wconf 84' lang='lat' dir='ltr'><strong>illis</strong></span> <span class='ocrx_word' id='word_1_204' title='bbox 213 2394 378 2466; x_wconf 80' lang='lat' dir='ltr'><strong>detrahunt,</strong></span> <span class='ocrx_word' id='word_1_205' title='bbox 399 2395 578 2450; x_wconf 85' lang='lat' dir='ltr'><strong>meledicunt</strong></span> <span class='ocrx_word' id='word_1_206' title='bbox 595 2403 659 2450; x_wconf 81' lang='lat' dir='ltr'><strong>eut</strong></span> <span class='ocrx_word' id='word_1_207' title='bbox 665 2397 871 2468; x_wconf 70' lang='lat' dir='ltr'><strong>imprecantur,</strong></span> <span class='ocrx_word' id='word_1_208' title='bbox 893 2399 945 2468; x_wconf 87' lang='lat' dir='ltr'><strong>qni</strong></span> <span class='ocrx_word' id='word_1_209' title='bbox 965 2413 1029 2452; x_wconf 84' lang='lat' dir='ltr'><strong>nen</strong></span> <span class='ocrx_word' id='word_1_210' title='bbox 1043 2401 1143 2454; x_wconf 87' lang='lat' dir='ltr'><strong>minus</strong></span> 
     </span>
     <span class='ocr_line' id='line_1_28' title="bbox 137 2475 1142 2547; baseline 0.002 -18"><span class='ocrx_word' id='word_1_211' title='bbox 137 2475 227 2544; x_wconf 87' lang='lat' dir='ltr'><strong>impie</strong></span> <span class='ocrx_word' id='word_1_212' title='bbox 242 2489 328 2546; x_wconf 82' lang='lat' dir='ltr'><strong>quem</strong></span> <span class='ocrx_word' id='word_1_213' title='bbox 349 2477 540 2530; x_wconf 74' lang='lat' dir='ltr'><strong>irreverenter</strong></span> <span class='ocrx_word' id='word_1_214' title='bbox 552 2475 735 2546; x_wconf 80' lang='lat' dir='ltr'><strong>quibuslibet</strong></span> <span class='ocrx_word' id='word_1_215' title='bbox 753 2477 849 2544; x_wconf 84' lang='lat' dir='ltr'><strong>rebus,</strong></span> <span class='ocrx_word' id='word_1_216' title='bbox 871 2479 958 2532; x_wconf 82' lang='lat' dir='ltr'><strong>etiem</strong></span> <span class='ocrx_word' id='word_1_217' title='bbox 973 2477 1142 2547; x_wconf 74' lang='lat' dir='ltr'><strong>aliqnando</strong></span> 
     </span>
    </p>
   </div>
   <div class='ocr_carea' id='block_1_13' title="bbox 135 2554 1175 2658">
    <p class='ocr_par' dir='ltr' id='par_1_15' title="bbox 135 2554 1175 2658">
     <span class='ocr_line' id='line_1_29' title="bbox 135 2554 1175 2658; baseline -0.001 -48"><span class='ocrx_word' id='word_1_218' title='bbox 135 2554 270 2625; x_wconf 74' lang='lat' dir='ltr'><strong>turpibus</strong></span> <span class='ocrx_word' id='word_1_219' title='bbox 291 2560 343 2610; x_wconf 79' lang='lat' dir='ltr'><strong>snt</strong></span> <span class='ocrx_word' id='word_1_220' title='bbox 361 2554 494 2620; x_wconf 73' lang='lat' dir='ltr'><strong>nefariis,</strong></span> <span class='ocrx_word' id='word_1_221' title='bbox 518 2569 637 2626; x_wconf 86' lang='lat' dir='ltr'><strong>corpus,</strong></span> <span class='ocrx_word' id='word_1_222' title='bbox 664 2562 753 2658; x_wconf 79' lang='lat' dir='ltr'><strong>ceput</strong></span> <span class='ocrx_word' id='word_1_223' title='bbox 773 2565 801 2610; x_wconf 92' lang='lat' dir='ltr'><strong>et</strong></span> <span class='ocrx_word' id='word_1_224' title='bbox 820 2559 992 2628; x_wconf 76' lang='lat' dir='ltr'><strong>sanguinem</strong></span> <span class='ocrx_word' id='word_1_225' title='bbox 1017 2557 1103 2612; x_wconf 86' lang='lat' dir='ltr'><strong>Dei</strong></span> <span class='ocrx_word' id='word_1_226' title='bbox 1094 2574 1138 2612; x_wconf 90' lang='grc' dir='ltr'>ιιι-</span> <span class='ocrx_word' id='word_1_227' title='bbox 1174 2605 1175 2630; x_wconf 47' lang='lat' dir='ltr'>J</span> 
     </span>
    </p>
   </div>
   <div class='ocr_carea' id='block_1_14' title="bbox 71 2641 1140 3103">
    <p class='ocr_par' dir='ltr' id='par_1_16' title="bbox 136 2641 572 2705">
     <span class='ocr_line' id='line_1_30' title="bbox 136 2641 572 2705; baseline -0.002 -16"><span class='ocrx_word' id='word_1_228' title='bbox 136 2641 300 2705; x_wconf 84' lang='lat' dir='ltr'><strong>terponnnt.</strong></span> <span class='ocrx_word' id='word_1_229' title='bbox 571 2673 572 2676; x_wconf 24' lang='lat' dir='ltr'>J</span> 
     </span>
    </p>

    <p class='ocr_par' dir='ltr' id='par_1_17' title="bbox 71 2712 1140 3103">
     <span class='ocr_line' id='line_1_31' title="bbox 196 2712 1140 2784; baseline 0.003 -18"><span class='ocrx_word' id='word_1_230' title='bbox 196 2715 321 2768; x_wconf 84' lang='lat' dir='ltr'><strong>Pecount</strong></span> <span class='ocrx_word' id='word_1_231' title='bbox 336 2712 482 2784; x_wconf 84' lang='lat' dir='ltr'><strong>deniqne,</strong></span> <span class='ocrx_word' id='word_1_232' title='bbox 511 2714 563 2784; x_wconf 90' lang='lat' dir='ltr'><strong>qni</strong></span> <span class='ocrx_word' id='word_1_233' title='bbox 584 2720 691 2768; x_wconf 85' lang='lat' dir='ltr'><strong>vovent</strong></span> <span class='ocrx_word' id='word_1_234' title='bbox 716 2713 839 2783; x_wconf 77' lang='lat' dir='ltr'><strong>aliquod</strong></span> <span class='ocrx_word' id='word_1_235' title='bbox 858 2715 983 2783; x_wconf 81' lang='lat' dir='ltr'><strong>mulum,</strong></span> <span class='ocrx_word' id='word_1_236' title='bbox 1011 2715 1058 2768; x_wconf 84' lang='lat' dir='ltr'><strong>vel</strong></span> <span class='ocrx_word' id='word_1_237' title='bbox 1082 2717 1140 2770; x_wconf 81' lang='lat' dir='ltr'><strong>uli</strong></span> 
     </span>
     <span class='ocr_line' id='line_1_32' title="bbox 71 2791 1140 2866; baseline 0.005 -22"><span class='ocrx_word' id='word_1_238' title='bbox 71 2791 72 2796; x_wconf 75' lang='grc'>’</span> <span class='ocrx_word' id='word_1_239' title='bbox 135 2791 215 2861; x_wconf 87' lang='lat' dir='ltr'><strong>quod</strong></span> <span class='ocrx_word' id='word_1_240' title='bbox 235 2793 357 2859; x_wconf 87' lang='lat' dir='ltr'><strong>bonum,</strong></span> <span class='ocrx_word' id='word_1_241' title='bbox 387 2792 437 2848; x_wconf 87' lang='lat' dir='ltr'><strong>sed</strong></span> <span class='ocrx_word' id='word_1_242' title='bbox 458 2793 535 2850; x_wconf 82' lang='lat' dir='ltr'><strong>melo</strong></span> <span class='ocrx_word' id='word_1_243' title='bbox 556 2800 584 2847; x_wconf 88' lang='lat' dir='ltr'><strong>et</strong></span> <span class='ocrx_word' id='word_1_244' title='bbox 603 2808 739 2862; x_wconf 80' lang='lat' dir='ltr'><strong>perverso</strong></span> <span class='ocrx_word' id='word_1_245' title='bbox 764 2794 839 2861; x_wconf 83' lang='lat' dir='ltr'><strong>tine3</strong></span> <span class='ocrx_word' id='word_1_246' title='bbox 869 2794 939 2848; x_wconf 83' lang='lat' dir='ltr'><strong>item</strong></span> <span class='ocrx_word' id='word_1_247' title='bbox 962 2796 1015 2866; x_wconf 89' lang='lat' dir='ltr'><strong>qui</strong></span> <span class='ocrx_word' id='word_1_248' title='bbox 1032 2801 1140 2848; x_wconf 82' lang='lat' dir='ltr'><strong>votum</strong></span> 
     </span>
     <span class='ocr_line' id='line_1_33' title="bbox 136 2865 1140 2940; baseline 0.004 -16"><span class='ocrx_word' id='word_1_249' title='bbox 136 2867 296 2938; x_wconf 74' lang='lat' dir='ltr'><strong>adimplere</strong></span> <span class='ocrx_word' id='word_1_250' title='bbox 318 2865 465 2940; x_wconf 86' lang='lat' dir='ltr'><strong>omittunt,</strong></span> <span class='ocrx_word' id='word_1_251' title='bbox 487 2879 544 2926; x_wconf 83' lang='lat' dir='ltr'><strong>rut</strong></span> <span class='ocrx_word' id='word_1_252' title='bbox 572 2873 654 2926; x_wconf 89' lang='lat' dir='ltr'><strong>illius</strong></span> <span class='ocrx_word' id='word_1_253' title='bbox 685 2875 900 2928; x_wconf 85' lang='lat' dir='ltr'><strong>executionem.</strong></span> <span class='ocrx_word' id='word_1_254' title='bbox 914 2875 977 2929; x_wconf 88' lang='lat' dir='ltr'><strong>sine</strong></span> <span class='ocrx_word' id='word_1_255' title='bbox 1003 2874 1067 2928; x_wconf 72' lang='lat' dir='ltr'><strong>ullu</strong></span> <span class='ocrx_word' id='word_1_256' title='bbox 1089 2890 1140 2928; x_wconf 88' lang='lat' dir='ltr'><strong>ne·</strong></span> 
     </span>
     <span class='ocr_line' id='line_1_34' title="bbox 136 2947 1137 3024; baseline 0 -18"><span class='ocrx_word' id='word_1_257' title='bbox 136 2947 267 3006; x_wconf 71' lang='lat' dir='ltr'><strong>cessitate</strong></span> <span class='ocrx_word' id='word_1_258' title='bbox 288 2949 336 3002; x_wconf 84' lang='lat' dir='ltr'><strong>vel</strong></span> <span class='ocrx_word' id='word_1_259' title='bbox 352 2964 444 3005; x_wconf 81' lang='lat' dir='ltr'><strong>censo</strong></span> <span class='ocrx_word' id='word_1_260' title='bbox 466 2951 620 3020; x_wconf 79' lang='lat' dir='ltr'><strong>differunt3</strong></span> <span class='ocrx_word' id='word_1_261' title='bbox 652 2953 705 3023; x_wconf 83' lang='lat' dir='ltr'><strong>qui</strong></span> <span class='ocrx_word' id='word_1_262' title='bbox 725 2956 792 3006; x_wconf 79' lang='lat' dir='ltr'><strong>vote</strong></span> <span class='ocrx_word' id='word_1_263' title='bbox 813 2953 904 3006; x_wconf 83' lang='lat' dir='ltr'><strong>rcullu</strong></span> <span class='ocrx_word' id='word_1_264' title='bbox 925 2953 1024 3019; x_wconf 84' lang='lat' dir='ltr'><strong>illins,</strong></span> <span class='ocrx_word' id='word_1_265' title='bbox 1050 2953 1137 3024; x_wconf 86' lang='lat' dir='ltr'><strong>cnjus</strong></span> 
     </span>
     <span class='ocr_line' id='line_1_35' title="bbox 132 3027 1138 3103; baseline 0.005 -22"><span class='ocrx_word' id='word_1_266' title='bbox 132 3036 311 3097; x_wconf 83' lang='lat' dir='ltr'><strong>exceperunt</strong></span> <span class='ocrx_word' id='word_1_267' title='bbox 330 3027 552 3099; x_wconf 74' lang='lat' dir='ltr'><strong>haereditatem,</strong></span> <span class='ocrx_word' id='word_1_268' title='bbox 574 3030 734 3100; x_wconf 80' lang='lat' dir='ltr'><strong>adimplere</strong></span> <span class='ocrx_word' id='word_1_269' title='bbox 756 3047 813 3086; x_wconf 89' lang='lat' dir='ltr'><strong>non</strong></span> <span class='ocrx_word' id='word_1_270' title='bbox 836 3040 957 3100; x_wconf 82' lang='lat' dir='ltr'><strong>curent3</strong></span> <span class='ocrx_word' id='word_1_271' title='bbox 987 3035 1041 3103; x_wconf 84' lang='lat' dir='ltr'><strong>qui</strong></span> <span class='ocrx_word' id='word_1_272' title='bbox 1061 3033 1138 3086; x_wconf 74' lang='lat' dir='ltr'><strong>ulios</strong></span> 
     </span>
    </p>
   </div>
   <div class='ocr_carea' id='block_1_15' title="bbox 135 3107 1175 3182">
    <p class='ocr_par' dir='ltr' id='par_1_18' title="bbox 135 3107 1175 3182">
     <span class='ocr_line' id='line_1_36' title="bbox 135 3107 1175 3182; baseline 0.002 -20"><span class='ocrx_word' id='word_1_273' title='bbox 135 3107 357 3163; x_wconf 74' lang='lat' dir='ltr'><strong>reverendum</strong></span> <span class='ocrx_word' id='word_1_274' title='bbox 380 3109 419 3176; x_wconf 79' lang='lat' dir='ltr'><strong>vi,</strong></span> <span class='ocrx_word' id='word_1_275' title='bbox 442 3117 518 3164; x_wconf 87' lang='lat' dir='ltr'><strong>metu</strong></span> <span class='ocrx_word' id='word_1_276' title='bbox 536 3111 583 3166; x_wconf 89' lang='lat' dir='ltr'><strong>vel</strong></span> <span class='ocrx_word' id='word_1_277' title='bbox 599 3109 667 3166; x_wconf 91' lang='lat' dir='ltr'><strong>dolo</strong></span> <span class='ocrx_word' id='word_1_278' title='bbox 681 3111 822 3166; x_wconf 87' lang='lat' dir='ltr'><strong>inducunt</strong></span> <span class='ocrx_word' id='word_1_279' title='bbox 835 3129 846 3177; x_wconf 83' lang='lat'><strong>3.</strong></span> <span class='ocrx_word' id='word_1_280' title='bbox 875 3112 927 3182; x_wconf 87' lang='lat' dir='ltr'><strong>qni</strong></span> <span class='ocrx_word' id='word_1_281' title='bbox 941 3113 1004 3166; x_wconf 81' lang='lat' dir='ltr'><strong>voti</strong></span> <span class='ocrx_word' id='word_1_282' title='bbox 1020 3113 1141 3182; x_wconf 72' lang='lat' dir='ltr'><strong>dienen·</strong></span> <span class='ocrx_word' id='word_1_283' title='bbox 1174 3135 1175 3140; x_wconf 41' lang='lat'>1</span> 
     </span>
    </p>
   </div>
   <div class='ocr_carea' id='block_1_16' title="bbox 134 3186 1125 3261">
    <p class='ocr_par' dir='ltr' id='par_1_19' title="bbox 134 3186 1125 3261">
     <span class='ocr_line' id='line_1_37' title="bbox 134 3186 1125 3261; baseline 0.003 -20"><span class='ocrx_word' id='word_1_284' title='bbox 134 3187 274 3244; x_wconf 78' lang='lat' dir='ltr'><strong>sationem</strong></span> <span class='ocrx_word' id='word_1_285' title='bbox 296 3186 416 3244; x_wconf 84' lang='lat' dir='ltr'><strong>obtentu</strong></span> <span class='ocrx_word' id='word_1_286' title='bbox 438 3205 539 3244; x_wconf 80' lang='lat' dir='ltr'><strong>censue</strong></span> <span class='ocrx_word' id='word_1_287' title='bbox 554 3189 690 3261; x_wconf 73' lang='lat' dir='ltr'><strong>alicujus</strong></span> <span class='ocrx_word' id='word_1_288' title='bbox 703 3191 791 3246; x_wconf 78' lang='lat' dir='ltr'><strong>islone</strong></span> <span class='ocrx_word' id='word_1_289' title='bbox 806 3190 963 3259; x_wconf 78' lang='lat' dir='ltr'><strong>impetrare</strong></span> <span class='ocrx_word' id='word_1_290' title='bbox 979 3193 1125 3248; x_wconf 85' lang='lat' dir='ltr'><strong>nituntur.</strong></span> 
     </span>
    </p>
   </div>
   <div class='ocr_carea' id='block_1_17' title="bbox 0 0 1182 3870">
    <p class='ocr_par' dir='ltr' id='par_1_20' title="bbox 0 0 1182 3870">
     <span class='ocr_line' id='line_1_38' title="bbox 0 0 1182 3870; baseline 0 0"><span class='ocrx_word' id='word_1_291' title='bbox 0 0 1182 3870; x_wconf 95' lang='lat' dir='ltr'><strong> </strong></span> 
     </span>
    </p>
   </div>
  </div>
 </body>
</html>
