2348 3868
82 207 85 224 Ι
125 127 185 194 toa
445 143 483 188 nn
501 143 797 188 sammmrosnsssr.

122 263 265 338 quaedam
288 261 325 317 ah
346 261 477 320 Ecclesia
498 263 664 329 institutae,
691 278 816 333 quarum
842 263 917 318 eliae
943 271 1013 318 sunt
1035 279 1122 333 praa-

126 344 290 418 paratoriae
318 341 356 396 etl
384 341 573 420 sacrificium,
612 343 687 397 aliae
725 343 985 412 repraesentativa
1020 357 1123 398 eornm

127 440 202 498 qnae
222 425 254 478 in
274 423 408 492 passione
431 423 537 477 Christi
561 422 679 477 Domini
700 429 884 493 gestarunt,
907 422 982 476 aliae
1004 421 1126 478 demum

127 503 339 576 significativae
359 503 486 568 fruetus,
517 502 567 572 qui
595 517 633 556 ex
661 502 716 556 illo
743 501 886 556 sacrificio
904 516 1001 572 super
1020 500 1125 557 fideles

126 585 284 642 &rivatus-

190 663 262 717 Sunt
290 668 383 717 antem
414 659 499 714 duae
515 659 688 716 celebriores
710 659 924 732 Theologorurn
952 675 1040 729 snper
1072 659 1129 716 hae

125 743 296 816 quaestione
315 740 487 796 sententiosa
508 740 589 810 prior
610 753 724 806 eorum,
757 739 809 810 qui
830 739 1013 807 existimant,
1035 741 1128 794 ratio·

125 839 193 878 nem
221 836 271 876 seu
299 820 452 874 essentiam
478 819 616 875 sacnlcii
637 817 743 874 Missae
768 820 800 873 in
821 819 884 874 sola
905 820 1128 878 consecratione

126 902 294 962 consistere.
329 899 373 954 Ita
394 899 497 954 Suarea
518 897 715 968 disputatione
736 897 783 954 li.
806 905 834 954 at
850 898 949 968 plures
964 898 1028 966 alii,
1050 914 1127 970 qnos

128 980 240 1036 ibidem
261 979 340 1045 citat,
362 993 486 1048 qnorum
507 979 680 1048 praecipuae
701 978 826 1036 renones
846 978 901 1032 hae
922 985 1002 1034 sunt:

131 1101 134 1110 .
188 1059 295 1124 Prima,
318 1057 397 1128 quod
418 1058 492 1114 sacri
513 1057 718 1130 Evangelistae
738 1058 949 1114 institutionem
969 1057 1060 1128 hujus
1084 1073 1128 1111 sa-

128 1139 232 1196 crificii
254 1138 407 1193 relerentes
428 1137 764 1194 solius'consecrationis
786 1137 982 1204 meminerint,
1004 1151 1061 1191 nec
1085 1137 1129 1190 di-

127 1228 196 1276 aaut
211 1217 355 1273 Christum
371 1217 527 1272 Dominum
548 1233 653 1287 corpus
673 1223 702 1272 at
723 1217 893 1288 sanguinem
912 1232 995 1270 suum
1016 1217 1051 1270 iu
1074 1217 1130 1270 illa

126 1298 310 1356 institutione
330 1298 495 1366 sumpsisse,
521 1296 599 1366 qnod
614 1296 746 1366 quamvis
761 1297 790 1350 S.
805 1295 931 1350 Thomas
947 1303 1060 1366 quaeat.
1078 1294 1126 1352 st.

128 1386 181 1434 art.
216 1377 242 1432 l.
274 1384 303 1431 ct
332 1375 453 1446 plurimi
486 1375 540 1430 alii
568 1383 627 1430 tum
660 1376 708 1430 SS.
740 1375 855 1442 Patres,
895 1383 955 1430 tum
985 1375 1128 1430 Doctores

129 1463 271 1522 asseram3
307 1471 365 1510 non
401 1464 443 1510 est
470 1462 565 1509 tamen
593 1454 768 1520 verisimile,
796 1467 893 1508 sacros
921 1454 1127 1526 Evangelistas

129 1539 286 1593 omissuros
306 1535 412 1600 inisse,
441 1535 467 1598 sl
495 1534 532 1588 ad
553 1533 639 1604 hujus
660 1535 798 1590 saorificii
818 1535 959 1590 rationem
981 1541 1009 1589 et
1029 1549 1128 1589 essen·

129 1617 198 1670 tiam
220 1615 369 1686 pertinere
386 1613 608 1667 existimassent.
699 1619 705 1634 ⁸

154 1731 159 1741 .
190 1693 338 1759 Secunda,
367 1692 446 1762 qnod
467 1691 554 1763 hujus
575 1692 711 1748 sacrificii
732 1693 858 1748 essentia
876 1692 1018 1746 consistat
1037 1693 1072 1748 in
1095 1707 1128 1746 ea

127 1774 259 1839 actione,
282 1785 355 1842 qnae
376 1780 419 1824 est
439 1771 660 1840 expressissima
678 1773 824 1842 passionis
845 1779 873 1828 et
894 1773 993 1826 mortis
1016 1771 1127 1826 Christi

129 1853 248 1908 Domini
267 1852 507 1921 repraesentati03
530 1853 620 1924 atqui
633 1854 811 1907 consecratio
824 1859 868 1906 est
882 1847 1036 1922 ejusmodi,
1060 1867 1127 1906 cum

127 1934 161 1990 iu
182 1933 237 1986 illa
257 1933 287 1984 ui
309 1931 462 1985 verborum
483 1943 587 2000 corpus
610 1931 728 1986 seorsim
750 1931 919 2002 asanguine
936 1939 1077 2000 ponatur,
1100 1937 1127 1984 et

128 2014 172 2068 sic
194 2012 243 2066 lot
264 2011 387 2080 mystica
408 2008 549 2080 quaedam
571 2012 714 2081 separatio
735 2010 884 2080 sanguinis
906 2009 943 2063 ah
970 2011 1036 2079 ipso
1065 2025 1128 2066 cor-

127 2103 219 2164 pore3
246 2090 278 2144 in
306 2105 365 2160 qua
390 2089 508 2160 quidem
537 2091 717 2160 separatione
745 2091 863 2145 realiter
889 2091 919 2144 in
942 2103 1029 2144 cruce
1050 2090 1128 2146 iacta

129 2172 227 2241 posita
246 2170 311 2224 init
339 2185 408 2224 vera
436 2178 464 2223 et
491 2171 609 2239 propria
637 2170 712 2225 ratio
738 2168 876 2226 sacrificii
901 2169 932 2222 in
953 2170 1020 2238 ipsa
1039 2179 1127 2224 cruce

129 2251 249 2320 peracti,
272 2265 338 2321 ergo
360 2258 412 2304 etc
471 2295 474 2300 .

191 2328 298 2395 Tertia,
321 2327 401 2399 quod
420 2327 507 2400 hujus
529 2329 663 2384 sacrificii
685 2327 854 2399 propriant
874 2327 1038 2382 essentialis
1052 2327 1127 2384 ratio

129 2407 332 2469 consituentla
353 2407 443 2462 sitin
464 2409 578 2463 actione
599 2408 667 2474 illa,
694 2409 725 2464 iu
754 2423 811 2478 qus
833 2404 972 2462 Sacerdos
994 2406 1128 2479 iungitur

129 2490 194 2544 vica
216 2488 324 2543 Christi
347 2487 464 2541 Domini
485 2487 661 2556 principalis
681 2488 835 2553 offerentis,
857 2494 885 2542 ct
904 2486 986 2542 illius
1006 2487 1127 2542 nomino

131 2567 247 2638 aliquid
271 2567 330 2621 Deo
352 2567 448 2632 oilert3
471 2567 554 2636 atqui
568 2566 598 2618 in
615 2565 677 2620 sola
691 2566 907 2622 consecratione
920 2565 953 2620 id
964 2567 1127 2638 repetitum

131 2655 200 2702 tunc
221 2646 299 2700 enim
320 2643 501 2700 solummodo
523 2644 661 2700 Sacerdos
689 2645 719 2699 in
747 2661 871 2716 persona
901 2645 993 2715 ipsius
1016 2645 1127 2702 Christi

129 2725 276 2794 loquitur,
307 2731 334 2780 et
362 2725 392 2776 in
423 2725 530 2777 virtute
551 2723 706 2780 verborum
726 2725 953 2780 consecrationis
974 2723 1127 2780 victimam

129 2805 213 2860 illam
235 2804 366 2860 divinam
387 2803 478 2858 veluti
499 2805 577 2858 sistit
596 2804 627 2856 in
643 2804 738 2871 altari,
761 2807 859 2876 sicque
875 2819 937 2858 eam
953 2804 1013 2858 Deo
1029 2805 1125 2872 offert3

130 2897 229 2939 omnes
250 2884 326 2937 euim
344 2883 474 2953 reliquae
489 2882 661 2950 oblationes,
684 2899 758 2954 qnae
772 2886 864 2954 ipsam
879 2883 1126 2939 consecrationem

131 2961 306 3018 antecedunt
327 2970 376 3015 ant
397 2961 621 3032 subsequuntur,
643 2963 680 3016 ab
703 2963 835 3018 Ecclesia
861 2963 1011 3018 institutae
1041 2970 1126 3030 sunt3

131 3057 197 3097 cum
217 3042 243 3095 S.
261 3040 415 3112 Gregorius
437 3041 489 3095 lib.
506 3041 533 3096 i.
555 3043 639 3112 epist.
663 3041 709 3098 63.
732 3043 887 3113 Apostolos
907 3040 1010 3113 primis
1025 3041 1127 3096 Eccle-

126 3122 190 3176 siae
218 3121 396 3190 temporibus
423 3121 465 3175 ad¹
490 3121 579 3177 verbs
604 3125 827 3178 consecrationis
849 3122 940 3176 solam
963 3122 1126 3176 orationem

129 3201 306 3258 dominicam
328 3199 434 3257 addere
456 3201 556 3256 solitos
576 3202 665 3256 inisse
687 3208 813 3257 testetur.

190 3280 217 3334 2.
261 3281 404 3335 Posterior
425 3281 759 3348 contentiosissimum,
780 3281 832 3352 qni
855 3286 997 3346 asserunt,
1018 3279 1059 3334 ad
1081 3295 1126 3334 rs·

130 3360 239 3418 tionem
260 3367 288 3414 et
309 3361 461 3416 essentiam
482 3359 569 3431 hujus
591 3360 727 3415 sacrificii
747 3362 891 3430 pertinere
913 3358 1029 3430 quidem
1054 3373 1124 3414 con·

128 3439 320 3494 secretionem
341 3440 470 3508 corporis
488 3447 516 3494 et
536 3439 685 3510 sanguinis
708 3441 816 3497 Christi
830 3439 959 3506 Domini,
982 3445 1124 3508 quatenus

129 3525 175 3576 est
196 3517 288 3574 veluti
309 3519 415 3586 positio
437 3534 486 3574 seu
504 3518 642 3575 adductio
657 3520 792 3576 victimae
808 3519 847 3580 ad
860 3519 969 3589 altares
981 3518 1124 3588 illiusque
