2316 3866
404 175 442 217 nu
464 161 612 218 runcoris.
942 159 1005 228 326

31 291 150 348 interdum
167 299 346 362 peccatorem
361 293 458 361 privat
478 293 508 346 in
528 294 708 364 punitionem
722 296 921 364 praecedentis
936 313 1004 369 peo-

29 374 86 426 rati:
116 371 195 424 unde
214 372 343 444 seqnitur
363 373 461 441 lapsus
483 373 513 426 in
536 371 619 428 atiud
639 382 798 444 peecatum.
990 431 994 437 ,

72 451 98 505 tr
130 451 263 517 Quaeres,
287 459 395 520 quanta
414 465 510 521 poena
530 452 635 521 ou'ique
649 460 770 520 peceato
792 455 902 515 actuali
925 455 1001 510 dlvi-

27 533 87 584 nitus
106 529 218 584 deoreta
238 531 285 583 sit.
327 529 529 599 Respondetnr
549 542 615 584 oum
637 529 841 585 distinetione:
875 535 900 588 si
922 537 999 589 enim

25 609 49 662 id
65 617 212 680 quaeratur
232 607 267 661 de
289 616 406 678 peccato
428 609 555 678 mortali,
577 615 685 666 eertum
708 617 751 662 est
771 625 808 665 ex
826 608 910 678 Fide,
932 627 1001 683 poe·

26 705 77 742 nam
96 688 326 743 aeternam'sive
354 688 454 742 damni
481 689 543 742 sive
570 703 669 743 sensas
697 688 855 760 unicuique
880 696 1000 762 peceato

25 768 120 821 mortali
139 779 198 820 esse
221 767 415 822 constitutam.
462 767 503 822 De
524 781 618 837 poena
640 767 748 835 damni,
771 783 846 839 quae
867 771 1000 826 consistit

27 848 52 898 in
68 847 218 914 privatione
246 845 371 901 visionis
397 846 565 914 beatificae,
595 854 707 902 oonstat
733 863 770 902 ex
795 849 822 902 S.
845 848 947 903 Matth.
970 849 1000 904 8.

29 923 196 994 ubidicitur,
225 923 305 996 quod
333 925 449 996 reprobi
478 927 619 995 ejicientur
639 927 667 980 ia
691 927 815 982 tenebras
842 931 998 983 exteriores.

29 1004 65 1058 De
81 1020 158 1076 poena
178 1019 249 1062 vero
278 999 377 1062 sensus
402 1022 439 1062 ex
467 1005 566 1061 eodem
589 997 740 1062 amarti.
762 1005 810 1064 25.
852 1009 892 1062 Ite
912 993 999 1064 mde-

30 1085 120 1140 dictita
137 1089 224 1156 ipram
245 1094 392 1139 oeternum.
431 1087 616 1141 Carmentem
640 1083 749 1138 dicitnr
768 1099 863 1154 poena
883 1095 1000 1142 aeterne

29 1165 113 1233 suique
129 1172 249 1235 peceato
269 1165 385 1220 mortali
408 1165 572 1230 constituta,
596 1163 873 1233 iintelligendum
895 1173 947 1231 est,
969 1176 1000 1220 ut

30 1251 88 1296 reete
106 1243 185 1299 docet¹
203 1243 379 1298 Isambertus
401 1243 439 1298 ad
459 1259 490 1320 qt
509 1242 557 1298 ΘΤ.
579 1241 655 1312 disp.
677 1239 705 1296 2.
728 1257 752 1296 a.
766 1241 803 1319 Ι3.
825 1256 882 1297 nou
904 1244 998 1298 solum

30 1319 57 1374 de
73 1324 252 1392 perpetuitate
274 1324 401 1393 ipsarum
422 1338 580 1394 poenarum
595 1321 735 1392 quant'um
756 1321 794 1376 ad
809 1319 1000 1390 durationem,

32 1399 155 1457 sedetiam
170 1401 206 1458 do
220 1409 320 1456 earum
334 1414 491 1471 poenarum
506 1400 752 1466 immutabilitate,
775 1403 816 1456 ita
837 1409 869 1455 ut
888 1401 1000 1456 nullam

32 1493 105 1534 earum
124 1482 370 1548 imminutionem,
392 1479 543 1536 nullumve
564 1481 595 1534 in
617 1480 771 1550 suppliciis
792 1479 927 1535 solatium
948 1495 1001 1558 ιιιι-Ι

33 1571 96 1626 quam
121 1562 267 1632 experturi
297 1561 355 1615 sint
382 1559 531 1615 damuati:
563 1559 641 1614 undo
668 1559 755 1612 etiam
776 1559 868 1614 Isaiae
897 1559 1002 1614 ultimo

34 1635 127 1706 dieitur,
154 1639 233 1710 quod
255 1642 351 1694 aemuia
372 1655 464 1693 eorum
489 1655 542 1692 neo
570 1641 709 1704 morietur,
739 1647 766 1692 et
786 1640 930 1709 ipas‘a'aoa
951 1655 1001 1692 ea-

31 1717 144 1784 linquetur.

76 1798 97 1851 5.
134 1797 223 1864 Quam
246 1811 314 1851 uero
337 1796 417 1870 juste
439 1797 516 1852 Deus
544 1797 581 1851 ob
605 1797 723 1853 unicum
752 1805 902 1870 peceatum
924 1813 1002 1854 mor-

34 1873 86 1941 tale,
111 1877 186 1946 quod
208 1877 368 1946 aliquando
392 1877 595 1932 brevissimum
612 1884 645 1931 'et
667 1877 749 1947 quasi
770 1883 999 1933 momentaneum

33 1960 73 2019 est,
95 1971 211 2024 poenam
233 1963 376 2010 aeternam
399 1956 574 2022 decreverit,
598 1955 660 2026 jam
683 1971 700 2010 a
720 1955 805 2010 nobis
827 1955 936 2010 dietum
959 1962 1003 2010 est

35 2041 88 2097 part.
108 2033 131 2087 l.
152 2041 184 2088 tr.
207 2033 235 2088 t.
260 2049 284 2088 c.
307 2035 334 2090 3.
365 2043 432 2090 seet‘.
455 2035 483 2088 t.
506 2033 584 2105 qnod
613 2036 733 2104 insuper
760 2035 846 2088 etiam
874 2035 930 2088 trae
956 2049 1002 2087 rs·

36 2109 93 2165 tione
106 2113 291 2168 demonstrari
306 2121 418 2183 potest:
450 2113 518 2184 qnia
534 2114 648 2168 seilicet
667 2113 743 2168 actio
757 2113 879 2182 peccati,
901 2125 1006 2180 quam-

36 2187 68 2241 vis
84 2193 228 2247 seeundum
252 2207 281 2246 so
304 2199 432 2262 spectata
452 2193 624 2247 brevissimo
650 2198 776 2262 tempore
798 2189 896 2258 duret,
924 2188 1002 2242 nihi·

36 2265 134 2324 lominus
155 2262 312 2326 secundum
335 2274 473 2326 affectum
482 2272 630 2341 peccantis
645 2271 729 2342 quasi
749 2270 780 2322 in
802 2274 889 2324 lotam
912 2273 1002 2324 aeterss

36 2346 126 2403 nitatem
150 2351 354 2420 protenditur3
386 2353 437 2420 qui
465 2351 557 2417 enim,
585 2358 618 2405 ut
641 2356 717 2405 reete
745 2346 822 2402 dixit
844 2349 871 2403 S.
894 2349 1005 2403 Do'otor

38 2423 76 2477 lib.
94 2427 116 2482 3.
136 2439 222 2484 contr.
245 2437 321 2502 gent.
345 2445 407 2499 cap.
432 2429 496 2484 ttt.
519 2438 637 2500 propter
665 2428 833 2482 fruitionem
860 2435 1004 2496 tempora-

37 2501 78 2557 lem
94 2505 155 2563 honi
176 2509 301 2580 alicujus
324 2510 490 2578 temporalis
511 2509 652 2580 relinquit
680 2515 824 2563 aeternam
846 2503 951 2560 summi
972 2509 1002 2558 et

38 2587 120 2638 aeterni
136 2587 203 2643 boni
231 2589 416 2656 fruitionem,
445 2587 523 2658 quod
550 2589 620 2646 iacit
648 2587 814 2657 quicunque
840 2583 1004 2659 mortaliter·¹

36 2673 122 2734 lentat,
150 2675 222 2723 reete
255 2681 289 2721 au
312 2665 390 2738 juste
419 2673 551 2722 censetur
587 2667 666 2722 bono
697 2667 752 2721 illo
784 2661 936 2732 temporali
967 2662 1003 2716 irs

40 2747 152 2800 aeternum
172 2749 229 2802 irui
254 2747 342 2812 velle,
365 2746 546 2817 proindeque
566 2754 716 2817 peecatum
739 2757 840 2810 suum,
868 2740 948 2812 quod
968 2743 1001 2795 in

39 2813 93 2870 boni
115 2823 187 2880 illius
224 2825 393 2896 temporalis
423 2826 591 2880 inordinata
622 2824 758 2878 fruitione
790 2823 935 2890 consistit,
967 2823 999 2875 in

40 2901 107 2952 lotan
124 2906 312 2960 aeternitatem
340 2905 417 2959 velle
443 2911 617 2976 prorogare:
651 2918 686 2957 ex
715 2917 771 2972 quo
799 2904 845 2969 tit,
874 2909 905 2955 ut
933 2915 1003 2957 oum

40 2971 96 3029 illud
112 2991 250 3050 peecatum
278 2984 366 3038 sitin
393 2985 495 3038 affectu
524 2992 686 3052 aeteruum,
711 2981 791 3054 justo
813 2983 866 3038 Dei
883 2980 1000 3052 judicio

41 3063 110 3116 leena
127 3071 236 3117 aeterna
258 3063 376 3134 dignum
399 3069 556 3119 censeatur.

81 3135 105 3190 Si
122 3157 185 3197 vero
206 3143 338 3213 quaestio
358 3143 540 3213 intelligatur
554 3141 589 3196 de
610 3149 729 3212 peceato
750 3139 869 3208 veniali,
891 3142 999 3190 uernum

42 3217 112 3268 ‘tter
131 3219 211 3287 Fide,
238 3228 359 3292 peccatu
385 3222 516 3275 venialia
539 3221 569 3274 in
592 3219 727 3277 omnibus
751 3218 854 3290 justis,
883 3213 998 3268 sivein

43 3284 80 3342 lat
95 3297 155 3365 rita,
177 3302 235 3354 slve
257 3301 287 3353 in
310 3301 406 3354 futura
427 3315 483 3355 non
507 3315 566 3354 esse
588 3297 736 3367 punienda
758 3311 853 3366 poena
874 3298 999 3360 aeterna,

44 3367 261 3434 aedsolunrmodo
287 3379 461 3448 temporali3
494 3380 568 3432 sieut
595 3391 631 3430 ex
658 3375 757 3428 eadem
787 3371 859 3424 Fide
891 3376 998 3424 sertam

44 3451 80 3515 est,
94 3452 208 3514 homines
218 3458 321 3530 justos.
329 3459 358 3511 in
375 3464 494 3526 arrepta
507 3455 731 3527 justitiamque
745 3450 783 3505 ud
798 3453 918 3503 mortem
932 3463 997 3517 par-

40 3535 177 3610 seruantes,
186 3535 488 3598 aeternab'eatitndine
497 3535 527 3587 in
537 3541 748 3588 aeternamnon
758 3543 817 3584 esse
827 3526 1003 3597 privandos.
