2384 3868
59 209 61 216 ι
129 170 175 241 60
495 187 534 230 nn
554 185 758 230 munuum.

133 309 219 365 esser
233 307 404 365 affirmative
418 307 654 364 cuanrDectore
668 313 695 375 q.
712 305 758 360 to.
774 305 867 360 artai.
888 305 974 362 Ratio
990 315 1044 374 est,
1060 311 1145 380 quia

135 390 250 454 omnis,
272 403 346 458 qnae
367 385 529 442 naturalem
550 397 578 441 et
598 386 665 456 plus
680 399 766 455 quam
780 385 902 440 localem
919 390 1148 445 connexionem

132 466 243 524 *habent
257 483 322 522 eum
337 465 499 528 substantia
513 465 641 536 corporis
657 464 775 530 Christi,
796 472 1011 536 ponunturper
1027 483 1148 524 conco·

135 547 297 604 mitantiam
311 547 343 600 in
357 545 413 600 lucc
428 547 621 612 sacramento,
642 550 675 598 ut
688 559 724 599 ex
738 551 804 598 rute
825 543 912 598 dictis
933 553 1029 615 patet3
1053 549 1148 606 unde

135 629 248 698 sequitu
254 644 275 693 r,
297 634 329 680 ut
350 625 517 696 quantine,-
528 639 600 694 quae
615 623 729 692 corpori
744 623 870 694 gloriose
885 625 999 680 Christi>
1013 637 1150 682 natura-

134 707 202 762 liter
224 720 357 761 connexe
374 712 433 770 est,
454 703 508 758 sub
529 701 615 774 hujus
631 703 810 758 Sacramenti
831 704 983 773 speciebus
1004 710 1149 776 reperiri

134 785 246 843 debeat.
289 785 368 850 Quae
390 783 508 854 quidem
531 783 663 838 domnina
682 783 726 836 its
747 790 824 836 certa
845 791 903 846 est,
925 793 973 852 nt,
995 789 1148 855 quamvis

134 866 173 920 ab
194 865 328 918 Ecclesia
351 877 490 932 expresse
518 862 639 916 definita
666 877 723 916 nen
751 863 790 916 sit
817 864 1018 932 tanquam-de
1048 867 1147 934 Fide,
1186 879 1187 882 ’

135 945 312 1004 eontrarium
346 951 444 997 tamen
474 943 581 996 sentire
609 951 759 996 erroneum
784 941 932 996 existimet
960 942 1150 1003 Alexander
1186 971 1187 984 ¹

137 1023 265 1090 niensis,
287 1038 315 1092 p.
341 1021 366 1075 l.
388 1037 417 1092 q.
437 1021 485 1077 to.
507 1037 590 1076 mem.
613 1021 640 1076 3.
663 1036 688 1074 a.
710 1020 739 1074 4.

197 1104 291 1158 Dicet·
311 1103 436 1174 uliquis,
474 1102 501 1156 si
535 1115 639 1170 corpus
668 1101 779 1154 Christi
810 1101 948 1155 retineret
979 1105 1151 1172 propriam

135 1183 326 1254 quantitatem
341 1182 378 1236 in
397 1181 596 1249 Eucharistiae,
617 1179 736 1234 deberet
750 1193 812 1248 osse
833 1187 1035 1246 extensnmet
1058 1183 1151 1239 divi·
1186 1231 1187 1234 ,

136 1263 240 1329 sibile,
270 1271 299 1317 ct
325 1263 444 1332 figuram
473 1262 559 1314 etiam
580 1259 710 1329 aliquam
731 1258 852 1326 habere,
881 1275 946 1314 cum
974 1263 1072 1332 figura
1105 1267 1151 1318 sit

136 1343 312 1396 intrinsecus
335 1341 472 1395 terminus
495 1339 673 1409 quantitatis.

196 1419 418 1490 ,Respondetum
447 1417 596 1487 duplicem
632 1415 693 1486 es'ss
719 1418 891 1488 quantitatis
920 1421 1147 1493 extensionem,

137 1516 188 1556 seu
209 1512 313 1569 corpus
334 1506 473 1569 qnantum
491 1497 605 1566 duplici
620 1495 705 1552 modo
720 1511 782 1551 esse
796 1505 961 1564 extensum3
983 1501 1087 1570 primo
1114 1504 1150 1556 in

133 1580 239 1635 ordine
260 1577 298 1632 ad
321 1593 361 1643 se,
383 1577 510 1632 seeundo
531 1577 685 1632 inordina
706 1575 745 1630 sn
765 1577 870 1632 locum.
902 1578 1149 1638 Priorextensie

136 1667 188 1715 est*
201 1658 237 1712 de
259 1659 384 1712 essentia
403 1658 497 1726 ipsius
519 1657 704 1726 quantumin
720 1657 864 1724 posterior
881 1671 948 1712 vere
962 1664 1006 1711 est
1020 1665 1150 1716 tanturn

99 1739 102 1747 '
136 1739 299 1808 proprietas
328 1739 437 1792 virtute
464 1735 575 1790 divina·
594 1736 631 1790 ab
654 1751 689 1788 ea
708 1735 898 1804 separabilis3
927 1736 1004 1790 unde
1027 1739 1078 1805 fit,
1115 1749 1151 1796 ut

137 1818 284 1888 quantitas
304 1817 359 1870 hnc
381 1817 547 1872 extensione
563 1815 652 1870 locali
667 1814 820 1881 destituta,
842 1824 1091 1888 quantaecunque
1109 1823 1152 1876 sit

131 1895 399 1968 ‹magnitudinisin
421 1895 525 1950 ordine
547 1895 594 1949 ad·
610 1909 656 1960 se,
683 1895 776 1963 possit
803 1901 898 1951 tamen
927 1911 980 1965 per
1000 1896 1151 1955 divinam
1186 1931 1187 1962 1

132 1976 379 2046 ,omnipotentiam
394 1977 472 2030 intra
490 1975 616 2044 spatium
632 1975 819 2045 quantumuis
832 1976 970 2046 exiguum
985 1977 1150 2034 concludi.

138 2055 281 2112 Similiter
303 2055 415 2126 duplex
429 2063 471 2110 est
493 2057 598 2126 figure:
622 2069 681 2108 una
698 2054 849 2124 organica,
860 2069 945 2124 qnae
965 2056 1081 2124 pendet
1099 2041 1151 2114 'ab

134 2137 310 2193 extensione
330 2135 501 2206 quantitatis
522 2135 554 2188 in
577 2132 679 2189 ordine
692 2133 739 2191 ed
761 2149 809 2200 se„
829 2134 921 2188 altera
941 2135 1065 2202 localis,
1094 2155 1154 2194 seu

136 2214 184 2286 (nt
204 2212 435 2287 numquamne)
456 2215 587 2281 situalis,
610 2225 684 2283 quae
697 2213 735 2267 ab
754 2214 924 2269 extensione
937 2214 1027 2270 loeali
1043 2216 1153 2284 ipsius

135 2295 308 2366 quantitatis
328 2295 445 2365 pendet
488 2294 561 2349 Cum
588 2293 678 2364 igitur
703 2307 808 2362 corpus
831 2293 940 2348 Christi
962 2294 1090 2350 Domini
1114 2299 1152 2352 in

137 2375 539 2434 Eucharistiae-Sememento
555 2373 593 2426 sit
607 2372 788 2428 solummodo
810 2379 960 2428 extensum
980 2374 1011 2426 in
1034 2375 1155 2433 ordine

131 2453 238 2523 adse,
259 2469 318 2508 nen
339 2469 408 2508 vero
429 2454 461 2506 in
483 2449 585 2506 ordine
600 2449 637 2504 ad
651 2451 765 2518 locum,
787 2453 876 2506 habet
888 2460 998 2508 tantum
1012 2454 1154 2524 figuram

131 2535 315 2604 organicam,
337 2549 395 2588 neu
411 2547 479 2590 uero
493 2531 631 2597 localem3
654 2531 735 2587 unde
745 2532 930 2602 intelligitur,
951 2535 1152 2602 quaestione

138 2614 202 2668 fleri
222 2612 330 2683 pessit,
360 2619 391 2665 ut
419 2611 544 2666 retinens
573 2611 721 2678 propriam
744 2613 933 2680 quantitatem
954 2620 981 2666 et
1002 2613 1150 2683 figuram,
1186 2651 1187 2660 η

136 2693 169 2746 in
192 2693 378 2762 quantumvis
401 2691 505 2761 exiguo
527 2690 622 2758 spatie
641 2699 672 2745 et.
692 2689 746 2743 sub
768 2691 951 2760 quantalibet
972 2693 1152 2760 specierum

128 2770 393 2830 'sacramentslium
413 2769 558 2839 particula
580 2775 671 2825 totum
692 2771 838 2824 contineri·
856 2774 957 2839 possit.

198 2849 226 2903 4.
270 2849 377 2916 Quarta
403 2850 562 2905 difficultas
585 2847 642 2914 est,
670 2849 741 2918 quid
768 2850 803 2904 de
824 2849 977 2918 speciebus
998 2854 1091 2918 panis
1119 2865 1151 2910 et

136 2930 201 2984 vini
234 2931 266 2982 iu
301 2930 356 2982 hec
392 2931 575 2984 Sacramente
617 2929 831 2984 remanentibus
867 2930 1053 2984 sentiendum
1095 2936 1150 2988 sit.

136 3008 491 3079 Respondctumspecies
522 3008 591 3063 illas
619 3025 670 3062 sen
699 3008 861 3062 accidentia
888 3011 973 3078 panis
1003 3019 1031 3062 et
1063 3013 1152 3080 vini,

136 3079 208 3159 puta
229 3089 365 3160 figurem,
394 3089 538 3152 celerem,
567 3101 699 3156 sepo-rem
728 3096 779 3143 etc.
802 3095 868 3157 post
889 3090 1152 3146 consecrationem

133 3168 342 3236 mansuetius
371 3168 432 3222 ullo
460 3167 598 3238 subjecto.
642 3167 685 3222 lta
711 3166 860 3222 definitum
883 3169 978 3222 est-in
998 3169 1150 3228 Concilio

140 3247 270 3303 Trident.
288 3263 356 3304 sess.
381 3247 426 3302 13.
450 3264 474 3302 c.
496 3245 523 3300 2.
547 3248 659 3301 ethaeo
674 3245 801 3300 Wicletfi
816 3249 977 3316 propositio
996 3255 1153 3318 tanquam

136 3329 213 3383 talea
232 3336 261 3382 et
281 3329 426 3382 haeretica
445 3327 582 3390 ,damnata
603 3333 645 3381 est
665 3327 697 3380 in
713 3326 823 3381 Concii.
842 3325 988 3382 Constant
1011 3342 1081 3382 sess.
1111 3331 1145 3385 8.

138 3406 316 3474 (Accidentt'n
332 3409 426 3476 peransv
437 3424 490 3462 aon
503 3416 611 3460 monent
625 3408 682 3460 sine
697 3406 816 3474 subjecto
831 3407 858 3458 iu
873 3407 1050 3464 Sacramenta
1066 3411 1149 3478 etc.)

132 3485 175 3540 Ji
196 3493 292 3542 tamen
313 3487 349 3542 de
369 3487 505 3543 omnibus
528 3485 727 3542 accidentibus
750 3485 926 3556 conjunctim
948 3489 1074 3554 sumptis
1100 3499 1153 3544 est

138 3565 384 3639 intelligendum,
415 3582 483 3628 vera
518 3565 664 3636 siquidem
688 3573 741 3620 -est
764 3565 803 3622 ·S.
842 3565 969 3623 nunnae
1004 3565 1157 3626 docmina
