2348 3868
104 135 165 208 164
451 149 719 197 nnisonnnrnrm.

104 271 221 338 servilia
241 271 420 328 voluntatem
441 272 585 336 immutet,
605 278 637 324 et
656 267 821 326 nouamodo
842 285 860 322 a
873 276 1001 340 ‘peccato
1021 269 1101 324 cohi-

103 354 181 420 beat,
203 349 255 406 aed
275 349 422 406 etiamad
443 349 534 406 Deum
556 355 712 406 convertat.
960 393 962 400 .

164 431 191 486 6.
227 430 287 484 Hac
307 431 465 499 praemissa
479 429 679 484 observatione
693 429 788 487 facilia
808 435 851 487 eat
871 427 909 484 td
930 429 1102 484 instantiam

104 511 273 581 responsio:
309 509 478 566 conceditur
492 510 570 566 enirn
588 509 767 568 attritionem
783 525 820 562 ex
834 506 934 565 timore
955 509 1102 564 serviliter

105 591 208 646 servili
228 587 370 656 elicitam,
394 597 454 648 nec
472 589 621 644 honestam
645 603 700 642 nee
718 587 826 643 bonam
848 603 909 644 eene
930 589 1101 653 moraliter3

105 677 225 743 negatur
253 683 321 724 vero
343 668 519 724 attritionem
546 667 705 724 extimare
735 668 1030 736 simpliciterservili
1052 667 1103 722 eli-

104 751 211 816 citam,
224 749 368 802 vitiosam
380 762 440 802 esee
462 753 512 804 aut
532 747 770 814 iusuificientem,
791 762 857 805 cum
877 745 985 800 habeat
1004 762 1102 802 omnes

105 829 287 896 conditiones
309 842 327 879 a
347 827 479 882 Concilio
502 825 583 880 Trid.
611 827 784 902 requisitas:¹
819 833 861 880 eat
889 825 965 880 enim
994 825 1104 881 donum

105 910 164 967 Dei
185 915 213 962 et
233 905 376 974 impulsus
398 905 524 975 Spiritus
553 907 660 972 sancti,
687 921 753 960 cum
780 907 900 976 gratiam
928 904 1104 962 excitantem
1163 917 1164 922 ’

106 991 338 1059 praesupponat‚
361 993 445 1040 etex
466 987 574 1041 motivo
594 985 809 1054 supernaturali
829 985 951 1054 oriatur,
972 991 1002 1040 et
1020 1001 1103 1054 prae·
1163 991 1164 994 ’

106 1075 185 1123 terea
206 1063 384 1120 voluntatem
404 1065 547 1135 peccandi
567 1062 704 1120 excludat
724 1073 752 1120 et
771 1064 951 1135 concipiatur
965 1079 1032 1118 cnm
1053 1081 1104 1135 apa

107 1146 210 1202 veniae
231 1144 578 1216 a‘Deoconsequendae.
780 1187 784 1194 .

167 1224 213 1280 Ex
227 1222 314 1278 dictis
330 1223 417 1280 facile
438 1225 566 1296 intelligi
585 1229 688 1296 potest,
709 1225 740 1278 in
756 1238 813 1294 qno
835 1223 1009 1279 conveniant
1029 1223 1105 1278 inter

109 1321 139 1362 ee
167 1305 302 1363 contritio
330 1310 359 1358 et
386 1305 511 1375 attritio,
539 1311 567 1358 et
594 1305 626 1360 in
656 1317 712 1374 quo
731 1297 900 1358 differant.
923 1303 1108 1358 Conveniunt

43 1417 48 1427 .
110 1385 187 1439 euim
211 1381 235 1436 i.
265 1384 297 1436 in
325 1398 375 1452 eo,
403 1383 482 1454 quod
508 1389 630 1454 utraque
658 1383 695 1438 sit
720 1383 965 1452 supernaturalia,
993 1381 1027 1436 id
1055 1389 1105 1450 est,

110 1461 189 1534 quod
210 1468 329 1532 utraque
350 1479 401 1532 per
421 1463 580 1533 impulsum
602 1463 729 1531 Spiritus
750 1463 843 1516 saneti
864 1477 901 1516 ex
921 1463 1033 1516 motivo
1054 1463 1108 1518 ali-

109 1558 167 1613 quo
183 1543 413 1610 supernaturali,
436 1558 486 1596 seu
507 1557 559 1611 per
579 1542 680 1598 Fidem
698 1541 829 1599 divinam
850 1543 964 1613 cognito
986 1543 1108 1597 oriatur.

112 1619 259 1687 Secundo,
289 1621 368 1693 quod
389 1628 510 1692 utraque
531 1620 635 1676 debeat
658 1636 720 1676 esse
741 1623 855 1677 interna
876 1629 903 1675 et
923 1621 1108 1690 spiritualim

88 1732 91 1742 κ
110 1714 173 1762 nee
186 1699 314 1755 dolorem
329 1701 456 1770 aliquem
470 1700 638 1756 sensibilem
653 1701 813 1757 necessario
828 1701 966 1771 requirat.
998 1701 1109 1768 Tertio,

111 1778 190 1850 quod
212 1778 368 1838 adomnia
388 1787 507 1849 peccata
534 1781 668 1850 mortalia
689 1781 856 1845 commissa,
885 1781 968 1838 nullo
988 1796 1110 1850 prorsus

112 1865 263 1928 excepto,
277 1865 400 1930 utraque
428 1859 533 1916 debeat
560 1858 687 1914 extendi.
730 1859 851 1926 Quarto,
879 1859 959 1930 qnod
986 1867 1111 1931 unaque

111 1938 292 2008 voluntatem
319 1940 432 2008 peceati
459 1937 614 1996 excludere
643 1955 782 2010 spemque
809 1940 912 2000 veniae
933 1938 1113 2010 adjunctam

111 2016 220 2082 habere
241 2017 354 2074 debeat.
387 2018 493 2085 Quinto
509 2019 643 2089 denique,
667 2019 745 2089 quod
758 2025 879 2089 utraque
901 2021 939 2072 sit
953 2017 1112 2087 dispositio

113 2105 183 2170 apta
209 2103 236 2152 et
260 2100 434 2155 conveniens
460 2099 498 2155 ad
518 2099 734 2156 Sacramentum
756 2099 954 2154 Paenitentiae
975 2098 1067 2169 digne
1088 2106 1116 2153 et

113 2177 258 2232 fructuose
280 2178 506 2248 suscipiendum.

174 2256 318 2316 Differunt
330 2266 425 2313 autem
440 2259 619 2328 praesertim,
641 2265 701 2316 tnm
721 2257 838 2315 ratione
850 2258 959 2329 objecti
979 2258 1115 2314 formalis

115 2350 165 2398 seu
186 2337 306 2392 motivi:
339 2329 476 2393 contritio
507 2337 584 2394 enim
612 2353 647 2392 ex
674 2338 783 2392 motivo
810 2339 953 2408 perlectae
981 2339 1115 2392 caritatis

11 2413 12 2416 ’
114 2416 294 2485 concipitur,
322 2418 432 2472 attritio
461 2431 530 2472 vero
550 2432 586 2470 ex
614 2417 713 2488 aliquo
741 2417 800 2476 aiio
824 2419 932 2472 motivo
954 2418 1116 2472 ecaritate

114 2491 244 2562 diverso,
272 2496 350 2572 bono
378 2504 473 2550 temen
503 2501 531 2548 et
551 2497 670 2550 honesto
699 2512 732 2550 ae
746 2497 974 2567 ⁴supernaturali
1000 2495 1117 2551 lumine

113 2573 199 2630 Fidei
233 2576 368 2646 cognito,;
399 2581 459 2628 tum
486 2576 598 2629 ratione
626 2575 760 2630 effectus:
798 2578 932 2631 contritio
965 2573 1118 2646 siqnidem

113 2661 296 2723 peecatorem
319 2653 462 2725 justificat
486 2669 522 2708 ac
545 2654 604 2708 Deo
632 2656 814 2722 reconciliat,
842 2656 930 2714 etiam
957 2663 1117 2725 antequam

115 2731 314 2787 Poenitentiee
330 2735 545 2788 Sacramentum
562 2741 629 2789 actu
649 2736 827 2804 susceperit,
855 2736 963 2792 attritio
984 2749 1057 2791 vero
1084 2734 1120 2788 ad

109 2810 351 2882 justificationem
379 2814 410 2866 in
439 2815 623 2870 sacramento
652 2814 849 2872 Poenitentiae
879 2814 1119 2885 consequendam

118 2889 316 2946 tantummodo
338 2892 476 2962 disponit.
525 2920 545 2943 η

145 3007 148 3012 -
176 2969 203 3024 7.
241 2969 326 3036 Quod
347 2987 414 3026 vero
429 2973 523 3044 aliqui
539 2973 675 3030 Doctores
694 2974 795 3028 dicunt
808 2975 992 3028 attritionem
1007 2972 1118 3028 debere

117 3048 217 3120 aliqua
237 3051 348 3104 ratione
377 3054 493 3122 concipi
520 3061 638 3122 propter
666 3069 790 3110 amorem
818 3054 909 3123 ipsius
932 3053 1001 3119 Dei,
1033 3052 1116 3106 side

117 3143 213 3184 amore
234 3130 377 3200 perlectae
400 3133 527 3186 caritatis
549 3132 745 3204 intelligatur,
774 3133 938 3204 negandum
959 3138 1013 3188 est:
1048 3133 1118 3203 quia

119 3207 210 3270 dolor·
223 3225 259 3264 ex
280 3210 333 3266 illo
355 3225 451 3269 amore
471 3212 684 3282 quantumlibet
704 3214 824 3268 remisso
846 3213 960 3267 elicitus
983 3217 1053 3268 ante
1068 3212 1118 3268 Sa-

116 3291 257 3344 cramenti
278 3291 677 3363 receptionemjustiticeret,
707 3299 739 3346 ut
762 3307 850 3362 snpra
876 3293 1031 3362 probatum
1054 3297 1116 3346 est:

117 3365 298 3438 proindeque
313 3369 396 3428 dolor
416 3369 468 3424 ille
489 3387 546 3436 non
561 3379 635 3424 esset
656 3370 821 3441 attritionis,
844 3371 896 3426 eod
910 3371 1117 3436 contritionis3

118 3444 144 3498 si
165 3453 259 3500 autem
281 3447 316 3501 de
339 3463 433 3505 amore
456 3449 510 3504 Dei
538 3451 720 3520 imperfecto,
748 3451 781 3506 id
807 3459 861 3508 est.
875 3453 926 3520 qui
947 3467 984 3506 ex
1004 3451 1116 3504 motivo

98 3539 141 3576 ια.
155 3525 274 3594 caritate
295 3526 409 3583 diverso
437 3529 568 3598 elicitur,
599 3532 694 3600 qualis
716 3538 758 3586 est
777 3531 844 3598 ille,
872 3533 925 3599 qui
951 3532 984 3586 in
1008 3531 1118 3584 virtute
