2384 3868
121 167 164 238 68
484 187 522 231 na
546 173 752 230 ιιιιιιιιιιιιιι.

123 309 239 372 tionem
260 307 396 375 iliorum,
425 313 453 361 et
480 307 667 362 consecrandi
688 321 738 361 seu
760 305 947 362 aasumensi
967 323 1080 378 panem
1106 317 1141 362 et

124 390 226 444 vinum
248 389 279 441 in
301 401 405 456 corpus
427 395 454 441 et
475 387 644 457 sanguinem
664 385 793 458 ejusdem
814 385 931 442 Christi.

132 465 385 536 *Respondetur
405 481 469 521 cum
498 467 525 521 8.
542 466 680 532 Bactara,
715 473 835 536 utroque
864 465 951 520 modo
976 467 1141 536 pro=ierri3

123 547 274 603 recitative
296 547 414 617 quidem
423 585 435 612 ‚-
453 553 485 600 ut
506 553 617 600 constat
636 560 675 600 ex
695 545 860 600 his-verbis
882 547 1048 601 canonicis:
1077 547 1144 608 Qui

119 628 213 698 pridie
234 641 315 698 paam
334 635 487 696 poteretur,
519 627 622 694 acecpit
643 623 704 678 etri:
727 624 833 694 quibus
855 625 993 680 Sacerdos
1015 637 1140 693 narrat,

126 699 199 778 quid
227 707 358 761 Christus
385 705 532 758 Dominus·
553 704 590 758 in*
612 703 700 776 hujus
730 703 906 758 sacramenti
939 705 1143 761 institutione

125 786 227 840 fecerit
247 794 274 840 et
296 783 422 851 dixerit3=
440 785 564 853 proferri
584 799 653 837 vero
675 784 760 838 etiam
782 784 988 855 significativo,
1009 794 1143 853 praeter

127 865 156 920 S.
179 864 320 918 'rhomam
347 863 451 918 docent
478 863 612 930 hiensis,
649 864 676 918 S.
699 863 855 919 Benevent
885 863 986 918 Scotus
1015 873 1045 918 et
1074 867 1143 919 alii

125 942 206 1014 apud
235 944 352 1010 Saurea]
381 941 519 1012 dispas.
549 943 659 997 secti.
689 950 718 996 et
738 944 887 1015 colligitur
907 959 944 996 ex
964 959 1014 1010 eo,
1047 945 1142 1014 quod

125 1023 159 1076 in
187 1023 290 1078 decret.
312 1023 384 1094 Eng.
415 1022 577 1078 declaretur
598 1021 782 1090 Sacerdotem
810 1023 842 1092 in
870 1033 994 1092 persone
1014 1023 1140 1078 Christi

125 1102 293 1173 loquentem
306 1102 361 1158 hoo
377 1103 516 1165 conticere
530 1103 760 1172 Sacramentum
777 1116 833 1169 uon
848 1101 1015 1172 loqueretur
1027 1111 1141 1158 autem

126 1181 159 1238 in
173 1197 296 1250 persona
311 1183 435 1250 Christi,
457 1182 483 1236 si
504 1189 613 1236 tantum
635 1188 765 1236 narraret
785 1188 814 1238 et
834 1182 968 1236 recitaret
981 1181 1022 1248 id,
1046 1183 1141 1252 quod

128 1261 207 1322 dixit
227 1261 367 1317 Christus.

188 1323 527 1410 scisceretque
554 1341 586 1394 in
610 1339 672 1393 illis
694 1340 789 1394 verbis
812 1341 1037 1396 consecrationis
1059 1355 1139 1410 pro-

126 1421 191 1492 prie
212 1420 355 1490 significet
374 1433 533 1489 pronomen
554 1417 620 1472 hoc
641 1427 669 1473 et
689 1419 762 1474 hic

187 1499 319 1570 Longum
348 1506 376 1554 et
403 1499 578 1568 superfluum
600 1506 686 1565 esset,
716 1501 820 1554 referre
842 1514 941 1560 omnes
963 1499 1137 1557 Haeretioo-

126 1590 192 1632 rum
215 1579 367 1648 opiniones
389 1576 424 1635 de
447 1578 657 1649 significatione
678 1579 858 1648 pronominis
872 1578 972 1644 illius3
995 1595 1073 1647 nam,
1098 1589 1137 1634 ut

126 1656 262 1713 observat
283 1655 400 1728 Gregor.
431 1657 621 1724 aValeutia,
653 1658 800 1729 octoginta
827 1668 855 1714 et
883 1659 1008 1726 emplius
1035 1659 1135 1714 inter—

126 1737 303 1808 pretationes
325 1735 550 1791 absurdissimae
571 1744 600 1790 et
619 1736 794 1808 falsissimae
812 1738 844 1790 in
865 1753 962 1792 eorum
981 1735 1068 1791 libris
1084 1754 1135 1794 re—
1179 1781 1180 1790 ,

126 1816 289 1886 pariuntur.
332 1815 573 1886 Variae‘qnoque
595 1824 661 1870 sunt
683 1817 838 1888 Doctorum
846 1815 1061 1871 *catholicorum
1078 1833 1135 1872 ex—

126 1895 319 1965 plicationes,
341 1897 393 1965 qui
414 1902 509 1950 tamen
531 1894 563 1950 in
586 1910 619 1950 eo
641 1893 677 1950 ab·
698 1889 857 1952 Haereticis
879 1893 1024 1963 differunt,
1048 1899 1135 1967 qnod

127 1975 177 2042 hi,
204 1968 275 2028 licet
301 1975 376 2029 inter
405 1989 435 2030 se
463 1973 553 2030 divisi
574 1982 602 2031 et
622 1975 698 2029 male
720 1975 920 2047 cohaerentes,
951 1969 1136 2033 conveniant

126 2053 204 2109 nihil
205 2055 319 2109 ominus
339 2055 372 2108 in
393 2053 554 2125 rejicienda
574 2062 601 2108 et
623 2041 792 2126 deneganda
806 2055 1134 2113 transsubstantiatione

126 2127 213 2204 panis
234 2140 262 2188 et
283 2135 346 2188 vini
362 2135 398 2190 in
420 2135 526 2190 Christi
549 2145 652 2203 corpus
668 2142 698 2188 et
710 2135 894 2206 sanguinem
916 2135 965 2188 illi
978 2149 1046 2190 vero
1059 2147 1134 2193 eam

126 2205 292 2268 constanter
313 2221 456 2281 asserant,
485 2215 543 2272 imo
572 2221 708 2306 tanquam
729 2213 801 2268 Fide
823 2213 997 2270 credendam
1018 2229 1133 2288 suppo-

126 2299 206 2348 nant
249 2293 370 2348 Omissis
391 2295 481 2366 igitur
502 2294 588 2350 etiam
608 2294 698 2349 variis
719 2293 782 2348 illis
801 2292 1016 2349 catholicorum
1036 2295 1134 2352 inter-

125 2373 339 2444 pretationibus
369 2375 496 2432 omnium
525 2373 683 2428 certissima
710 2373 826 2428 videtur
853 2389 914 2428 esse
938 2375 1008 2440 illa,
1038 2390 1134 2446 quam

127 2451 209 2506 affert
237 2453 264 2506 S.
286 2453 409 2520 Bostar,
443 2451 579 2506 nimirum
606 2468 658 2522 per
685 2467 845 2522 pronomen
871 2453 941 2508 hoc
968 2453 1016 2508 vel
1044 2455 1131 2523 hic,

126 2519 205 2585 nihil
219 2531 425 2598 demonstrari,
448 2530 528 2601 quod
547 2531 586 2584 sit
606 2547 638 2586 eo
660 2537 804 2601 tempore,
827 2548 883 2602 quo
897 2535 1051 2603 profertur,
1076 2535 1133 2590 sed

57 2679 59 2682 Ι
125 2609 176 2676 id,
198 2611 280 2681 quoti
299 2619 341 2665 est
360 2612 391 2664 in
413 2613 469 2665 fine
489 2609 692 2680 prolationis
683 2608 776 2682 rpsius
798 2613 919 2682 formae,
936 2615 1132 2700 praedictam-

124 2704 177 2760 que
207 2690 363 2744 locationem
391 2691 591 2758 intellipeadam
619 2705 675 2744 esse
704 2693 846 2744 secandam
874 2693 993 2746 altimum
1013 2695 1131 2748 instans

121 2769 288 2840 prolationis
308 2771 456 2823 verboram.

186 2849 263 2903 Haec
290 2857 384 2903 autem
406 2849 434 2902 S
449 2846 583 2903 Doctoris
611 2849 768 2927 explicatio
796 2849 909 2930 duplici
930 2850 1016 2905 modo
1038 2851 1128 2908 intel-

124 2924 180 3002 ligi
200 2935 302 2999 potest.
346 2928 429 2986 Prior
450 2936 508 2995 est,
537 2934 587 2982 ιιι
594 2929 756 3002 pronomen
778 2929 854 2984 illud
876 2925 1035 2999 accipiatur
1057 2933 1128 2986 sub-

98 3026 101 3034 ’
125 3010 268 3074 stantiae,
291 3007 347 3060 salt
337 3015 391 3061 tem
412 3009 444 3062 in
466 3009 556 3062 forma
578 3007 801 3062 consecrationis
815 3011 915 3077 panis,
938 3017 965 3064 et
979 3027 1031 3080 per
1045 3011 1129 3066 illud

126 3088 305 3157 significetur
326 3087 489 3141 substantia
509 3088 638 3156 corporis
661 3088 768 3141 Christi
796 3087 886 3158 (quae
908 3091 963 3142 erit
984 3089 1037 3144 sub
1060 3107 1129 3162 rpe—
1179 3093 1180 3096 ’

126 3165 226 3220 clebus
246 3167 331 3234 panis
353 3168 383 3220 in
406 3167 462 3220 fine
483 3167 655 3235 prolationis
678 3165 810 3237 formae),
834 3170 955 3222 confuse
972 3176 1066 3224 tamen
1091 3186 1127 3226 eo

125 3247 298 3316 pronomine
326 3245 478 3318 designate
502 3253 530 3300 et
549 3261 602 3316 per
616 3245 821 3315 vpraedicatum
841 3247 928 3318 hujus
945 3251 1127 3306 enuntiatio-

125 3326 186 3398 nis¹
194 3324 359 3380 distinctius
387 3341 532 3396 expressa.
568 3325 718 3381 rPosterior
745 3325 863 3391 modus,
893 3343 978 3397 quem
1006 3335 1127 3383 tuentur

124 3403 253 3458 Joannes
267 3405 362 3476 Major
376 3408 407 3461 in
422 3405 449 3460 4.
472 3405 538 3458 dist.
551 3403 579 3458 8.
602 3419 629 3476 q.
645 3407 724 3459 unio.
739 3413 767 3459 et
779 3405 939 3460 Maidouat
956 3407 987 3460 in
1000 3423 1063 3476 csp.
1074 3408 1131 3466 26„

124 3481 152 3538 Si
169 3481 270 3538 Matth.
284 3493 345 3552 est,
373 3493 406 3540 ιιι
431 3483 618 3555 praedictum
636 3499 794 3554 pronomen
816 3482 949 3540 sumitur·
965 3486 1123 3558 adJ‘eotive‚

123 3575 159 3616 ac
172 3557 303 3633 'proinde
321 3573 356 3620 ut
375 3564 477 3621 eodem
490 3563 576 3620 modo
590 3565 662 3620 hoec
677 3565 786 3620 Christi
800 3565 889 3620 verba
902 3567 1121 3639 intelligantur=
