2360 3862
397 105 646 162 meinsindam.
957 102 1021 171 267

50 238 140 307 rimu,
167 227 199 292 nt
221 233 330 291 dieitur
347 237 436 291 eitaio
456 249 518 306 eap.
544 233 669 302 Veniens,
699 247 811 310 etoapz
834 239 905 296 Cura
925 241 1016 308 lomna,

50 331 133 386 snpra3
154 315 249 388 qualis
270 323 363 388 autem
384 323 475 370 metus
493 317 597 386 'gravis
617 319 727 372 uersati
749 317 869 387 debeat,
897 319 931 374 id
950 329 1019 393 pro-

49 395 123 450 dentia
141 393 199 449 viri
216 391 331 467 judicio
353 393 580 465 dignoscendum
603 405 658 464 est,
682 406 716 451 nt
736 401 813 453 reete
833 407 930 454 monet
950 401 1019 456 Les*

48 477 90 528 sius
109 489 209 544 snpra:
232 472 321 528 multa
342 475 419 530 enim
446 489 562 546 gravem
586 483 694 530 metum
725 493 750 530 a.
774 493 799 547 g.
828 477 945 547 puellae
969 481 1017 534 in·

47 561 121 607 sotere
139 562 273 624 possent,
302 569 376 625 quae
397 569 415 606 o
435 554 563 608 robusto·
578 561 608 608 et
626 556 809 628 magnanimo
835 559 899 614 viro
921 559 1016 615 nihili

47 634 133 686 ierant.
182 633 276 688 Debet
303 633 390 688 etiam
418 641 509 686 metus
539 634 591 687 ille
612 649 674 690 esse
694 633 802 706 injuste
823 637 956 692 incussus
978 637 1017 692 ad

46 713 252 782 extorquendum
274 727 461 779 eonsensum,
483 721 514 766 ut
534 719 615 782 patet
635 719 671 767 ex'
692 711 780 768 citato
801 729 864 784 oap.
888 716 954 770 Ονηι
975 718 1016 770 lo-

44 809 104 856 con,-
128 791 155 846 si
178 793 257 846 enim
272 791 352 862 J'uste
373 792 531 846 insudatur
551 805 568 844 a
589 793 652 863 lege
673 794 721 848 vel
741 807 765 846 a¹
774 792 877 865 judice
903 797 1017 869 praeei-

44 870 138 938 pienta:
163 889 189 926 v.
212 889 240 942 g.
270 879 301 924 ut
329 870 452 943 virginis
479 877 624 940 stuprator
652 885 715 926 eam
741 872 772 926 in
797 874 1016 929 Matrimonium

46 948 129 1016 duest,
146 951 361 1004 Matrimonium
383 951 435 1003 tali
457 956 534 1004 metu
555 963 612 1004 non
635 950 768 1006 redditur
788 953 962 1020 invalidum,
979 961 1016 1008 'ut

46 1027 154 1084 habunt·
164 1045 227 1100 esp.
249 1031 296 1084 Ea
318 1031 425 1093 titteria
449 1029 484 1082 de
505 1029 699 1098 sponsalibus.
746 1043 768 1053 ··
973 1035 976 1043 “
1015 1042 1019 1051 “

93 1106 117 1160 2.
156 1109 300 1164 Dubitant
326 1109 464 1164 Doctores
493 1108 535 1163 de
558 1117 634 1163 metu
665 1110 865 1164 reverentiali:
895 1111 1013 1181 quando

43 1203 64 1236 v.
82 1201 103 1258 g.
121 1189 215 1257 puella
231 1187 352 1262 jubenti
372 1189 458 1258 patri3
481 1195 512 1241 ut
532 1199 597 1242 eum
618 1188 671 1242 tali
692 1190 756 1242 vira
777 1187 876 1255 nubat,
904 1192 1016 1245 eontra·
1097 1197 1101 1206 ’

44 1265 120 1320 dicere
138 1283 191 1322 non
215 1275 260 1322 est
280 1278 367 1334 ausa,
395 1281 432 1320 an
458 1267 573 1321 seilicet
591 1275 684 1322 metus
696 1267 757 1322 'ille
780 1266 884 1323 debeat
904 1269 1015 1322 censeri

44 1347 131 1414 gravis,
157 1347 288 1418 adeoque
316 1347 536 1402 Matrimonium
562 1347 677 1401 irritum
706 1345 817 1402 reddat.
850 1345 1014 1401 ‘Navarrus

44 1431 65 1476 et
81 1426 185 1495 quidam
215 1427 285 1494 alii,
313 1441 386 1496 quos
414 1427 484 1480 eitat
511 1425 698 1495 Laymannns
718 1433 792 1496 part.
807 1425 834 1480 2.
857 1425 896 1480 de
916 1426 1015 1480 Sae'ra·

44 1513 118 1560 mento
135 1506 318 1560 Matrimonii
339 1520 402 1576 cop.
418 1507 445 1558 5.
469 1503 636 1560 existimant
656 1505 885 1562 Matrimonium·
900 1519 937 1559 ex
961 1506 1015 1560 teti

45 1589 101 1636 netu
120 1591 295 1640 contractum
318 1591 379 1640 es'se
401 1579 547 1638 irritum.‘²‘
565 1583 671 1638 Melius
691 1585 881 1655 ilenriqnes,'
897 1585 1014 1640 Lessins

45 1669 65 1713 et
81 1663 123 1716 alii
142 1665 220 1738 apud
244 1663 366 1718 eundem
395 1662 517 1730 donent,
546 1669 652 1718 metum
680 1661 766 1718 illum
794 1663 1013 1720 reverentiale'm

45 1747 96 1795 une
113 1744 293 1798 solummodo
315 1743 434 1798 censeri
447 1757 572 1812 gravem,
595 1757 627 1796 ae
648 1742 771 1811 proinde
790 1741 939 1798 validitaii
953 1743 1015 1796 Ma-

45 1821 149 1876 trimonii
169 1825 363 1890 contrarium,
394 1817 680 1893 quando·vulunt'ati
708 1830 736 1876 et
763 1823 887 1891 imperio
913 1823 1013 1892 patris,

45 1903 207 1958 nutritorias
231 1898 404 1972 superioris,
428 1899 600 1971 conjunctae
617 1906 687 1956 'sunt
706 1901 801 1955 minae
824 1915 942 1972 graves,
965 1907 1025 1954 aut¹

45 1979 122 2050 aliqua
141 1981 280 2050 saevitia3
301 1979 439 2052 idemque
460 1979 632 2048 dicendum,
661 1983 688 2034 si
714 1979 848 2034 tit'neetur
870 1981 965 2050 gravis
987 1987 1016 2034 ei

45 2057 83 2112 diu
99 2061 230 2118 duratura
251 2059 415 2132 indignatio
437 2061 538 2133 patris.
1009 2067 1014 2079 “

88 2138 231 2196 Praeterea
252 2153 407 2196 consensus
429 2137 481 2192 ilie
503 2137 589 2192 dehet
610 2153 671 2194 esse
688 2136 723 2192 de
738 2136 893 2206 praesenti,
915 2141 948 2188 ut
963 2133 1026 2190 do„

45 2226 93 2270 sent
110 2221 134 2274 S.
148 2221 290 2287 Thomas,
313 2221 413 2288 Sotos,
436 2216 603 2272 Paludauus
625 2223 653 2271 et
672 2217 781 2286 plures,
804 2229 875 2285 qnos
896 2215 967 2269 oitat
987 2221 1016 2268 et

45 2300 149 2366 seqnitur
169 2301 273 2356 Petrus
295 2298 331 2352 de
345 2298 487 2352 Ledesmo
508 2311 569 2366 oap.
587 2300 613 2350 5.
637 2295 672 2349 de
689 2295 883 2360 Matrimonia,
906 2301 934 2348 et
948 2308 1016 2348 oon·

46 2381 87 2429 stat
104 2385 157 2434 tum
177 2396 215 2435 ex
237 2394 305 2448 cup.⁴
324 2377 398 2432 Tuae
411 2377 600 2447 fraternitati,
624 2381 652 2429 et
673 2389 735 2443 esp.
758 2371 847 2437 Licet,
872 2372 907 2426 de
920 2389 1015 2442 spon-

46 2453 145 2524 salibus,
166 2467 227 2513 tum
249 2457 286 2511 eir
307 2456 421 2511 decreto
441 2455 582 2526 Eugenii,
603 2454 657 2508 ubi
679 2452 801 2518 dieitur,
831 2450 909 2520 quod
930 2465 1025 2504 eausa·

47 2533 139 2601 efficiens
159 2537 332 2592 Matrimonii
353 2545 392 2589 eat
411 2544 516 2592 mutans
537 2546 680 2590 consensus
695 2549 749 2602 per
773 2530 855 2590 verbo
877 2531 909 2582 de
924 2529 1014 2599 pr‘oe-

46 2616 98 2666 senti
113 2618 272 2686 repeirriter
291 2619 453 2686 expressio!
471 2629 507 2667 ex
528 2611 634 2683 quibus
656 2611 753 2665 verbis
773 2609 896 2665 habetur
916 2608 1015 2677 etiam,
1049 2637 1052 2644 ,

46 2705 189 2750 eonsensum
210 2696 295 2749 illum
318 2700 370 2763 per
390 2691 480 2747 rerba
501 2699 551 2746 aut
571 2691 660 2762 signa*
680 2691 780 2760 aliqua
801 2689 944 2743 exteriora
961 2703 1014 2742 ex-

48 2773 203 2835 ninnium
226 2780 286 2830 esse
296 2790 304 2841 ;
316 2787 391 2827 oum
413 2773 490 2827 enim
504 2765 720 2825 Matrimonium
735 2769 775 2822 sit
789 2769 1013 2835 Sacramentum,

48 2847 75 2898 in
96 2853 163 2921 signo
190 2855 291 2924 aliquo
319 2851 457 2907 exteriori
486 2850 640 2904 consistere
661 2847 754 2902 debet.
806 2847 944 2904 Diximus
962 2861 1016 2917 per

49 2926 128 2996 rerba,
145 2941 190 2987 aut
211 2935 296 3004 signa
317 2932 417 3000 aliqua
437 2929 596 2997 exteriora*
612 2937 685 2998 quae
703 2926 856 2982 verborum
871 2926 1015 2981 deiectum

48 3010 157 3076 supplere
171 3017 313 3082 possunt,
337 3016 369 3064 nt
388 3011 419 3062 in
438 3009 539 3064 multis
561 3007 719 3078 contingit,
749 3008 799 3076 qui
820 3007 895 3060 vlieet
915 3005 1015 3074 eloqui
1076 3075 1081 3080 ι

48 3097 90 3137 non
108 3091 230 3157 valeant,
251 3089 469 3145 Matrimonium
492 3094 585 3140 tamen
606 3101 659 3155 per
677 3087 760 3156 signa
774 3093 801 3140 st
815 3092 902 3140 nutus
915 3081 1014 3136 valide

50 3168 191 3224 contrahere
199 3176 331 3238 possunt,
347 3175 379 3222 ut
388 3166 511 3222 habetur
523 3166 617 3236 nepita
627 3165 890 3236 illoefratamitoti,
907 3174 1004 3229 supra.

93 3244 117 3298 3.
156 3247 334 3315 seeundum,
359 3245 442 3317 ¹quoti
469 3236 628 3315 requiritur
649 3243 686 3298 ati
706 3236 887 3300 Matrimonii
907 3232 1031 3310 validi-3

54 3324 125 3392 tuem,
144 3335 195 3395 est,
216 3334 248 3382 ut
262 3341 425 3396 eonsensus
437 3325 528 3378 'iliius
550 3323 697 3392 expressio
712 3323 764 3376 dat
776 3336 870 3376 eoram
885 3315 1015 3370 Paroeho
1094 3353 1101 3362 .

55 3403 75 3449 et
88 3402 187 3460 duobus
208 3407 257 3460 vel
274 3405 376 3459 ‘tribus
391 3401 537 3470 ‘testibus3
567 3403 698 3472 quamvis
727 3399 802 3455 enim
830 3393 1016 3452 Matrimonia
1109 3413 1113 3419 ’

54 3475 205 3540 oltniesti'ne
226 3490 372 3540 contracta
392 3482 577 3538 essent'olim
599 3475 780 3534 solummodo
794 3477 918 3543 illieita3
938 3487 1020 3543 nouo

84 3573 162 3633 tane,
175 3581 269 3622 emata
283 3574 414 3644 russiana.
442 3575 470 3626 n.
514 3623 518 3630 ,
708 3581 714 3592 »
818 3553 857 3615 17
