2364 3858
333 139 371 183 nu
391 137 514 186 acrinus
535 139 676 186 annania
945 123 1006 194 ωί

46 258 108 312 deaut
126 271 159 314 ex
179 257 289 314 duabus
301 259 493 328 opinionibus
504 259 719 329 probabitibus¹
734 262 815 332 septu
830 261 927 318 minua
941 277 1008 334 pte*

46 335 157 400 babilam,
178 337 301 409 intelligi
322 340 409 392 etiarn
430 340 526 392 minus
547 347 658 408 tutam3
691 355 757 394 nam
778 343 804 394 ai
825 345 919 398 minua
939 349 1008 413 pud*

45 413 126 471 babilis
144 425 215 472 estet
236 419 324 490 magis
345 425 422 484 tuta,
452 419 550 472 nuilus
571 421 602 472 in
625 419 747 474 dubium
776 429 905 492 revocat,
935 425 1007 494 quin

44 495 129 551 licitum
148 498 218 551 ieret
239 511 300 551 eam
328 497 486 566 amplecti3
518 497 542 551 si
566 497 682 568 quidem
703 513 738 554 eo
759 500 824 568 ipso
854 517 911 571 qun
932 511 1007 557 esset

43 576 109 646 nagia
129 583 193 643 tuta,
215 577 305 648 magis
326 577 412 630 etiam
433 576 571 632 ubomni
593 579 690 648 specie
705 579 816 647 peccati
837 591 1005 646 removeret,

43 653 146 725 adeoque
158 669 215 710 uon
228 653 314 710 modo
327 655 442 710 licitum
457 664 546 723 esset
569 656 620 710 sed
635 659 720 714 otiam
742 657 902 726 laudabile,
924 659 1007 716 iilam

41 738 150 804 tanquam
169 750 296 790 normam
318 736 348 788 in
370 735 518 805 operando
539 735 631 806 sequi.-
689 753 698 774 0
827 751 830 758 ’

85 811 130 867 iiie
141 813 386 872 observationibus
401 815 630 884 praesuppositis
645 814 800 872 dicendum
820 825 871 885 est,
893 818 1008 877 licitum

38 905 90 943 aare
107 893 261 951 ox'duabua
283 894 473 962 opinionibus
496 893 716 964 probabimus,
746 898 849 952 relicta
869 896 1007 967 probabi·

37 969 106 1037 liori,
130 973 200 1043 tiqui
221 973 319 1028 minus
348 973 545 1041 probabilem,
578 973 734 1030 dummodo
763 984 856 1032 tamen
884 977 939 1032 illa
969 978 1007 1034 sit

39 1063 94 1102 vera
110 1051 261 1122 probabilis
287 1067 322 1107 eo
351 1067 437 1108 sensu
454 1069 515 1124 quo
535 1053 566 1106 in
589 1054 769 1125 paragrapho
799 1056 892 1123 primo
911 1058 1009 1127 expli·

38 1135 115 1184 catum
133 1138 176 1186 art.
217 1132 264 1186 Ita
285 1131 390 1186 docent
412 1147 498 1202 quam
521 1132 643 1202 plurimi
663 1133 893 1204 etpcrinaiguss
915 1137 1008 1192 'Pheo-

37 1205 96 1277 Iogi‚
121 1226 150 1264 ac
171 1227 242 1281 praa
271 1211 391 1265 caeteris
412 1211 540 1266 Joannes
561 1211 722 1279 Mamerco,
754 1211 916 1282 Episcopus
936 1214 1010 1268 Ant·

38 1289 169 1356 aerpieuaia
199 1292 230 1344 in
265 1288 289 1344 1.
319 1288 347 1343 2.
376 1305 424 1360 qu·
456 1289 503 1348 19.
528 1290 603 1361 disp.
632 1291 681 1346 89.
724 1291 852 1346 Diducus
874 1292 1007 1361 Aluaresp

38 1363 170 1438 Episcopus
185 1370 354 1436 Tranenaie,
375 1371 406 1422 in
423 1379 574 1425 comment.
590 1371 627 1424 ad
644 1369 669 1424 1.
686 1370 713 1425 2.
730 1370 805 1441 disp.
820 1371 868 1426 89.
885 1371 1007 1428 numa

37 1443 247 1505 Bartholomaeus
268 1448 417 1516 Ledaeus,
439 1449 602 1519 Episcopus
621 1449 852 1521 Guaxegueneia,
873 1451 905 1504 in
926 1457 1008 1506 tract.

38 1522 66 1576 da
81 1527 258 1584 accremento
272 1528 480 1596 Poenitentiae,
502 1530 637 1584 difficolt.
662 1529 707 1584 14.
730 1529 874 1599 Joscphns
889 1531 1009 1602 Auglos,

36 1601 170 1678 Episcopus
184 1609 329 1678 Ronanus,
345 1609 374 1661 in
387 1607 506 1662 duribus
518 1612 719 1679 quaestionum
730 1609 883 1682 theologie.
899 1618 1009 1682 quaesi.

37 1680 62 1735 de
79 1689 186 1742 conisae.
207 1687 346 1742 dituculo.
368 1686 398 1740 8.
440 1687 707 1756 ΤΙιοιιιιιιΖιιιοΙι,Ι
735 1691 899 1761 Episcopus
920 1689 1009 1749 Miro·-

36 1767 123 1833 uenais,
153 1768 183 1820 in
210 1767 299 1837 praxi
331 1766 527 1835 poeniteutiae
559 1783 622 1837 cup.
647 1767 699 1823 aa.
732 1783 780 1840 qu.
811 1771 838 1828 2.
882 1767 1008 1829 :Tolerus

35 1839 74 1895 lib.
98 1846 122 1900 3.
148 1861 210 1916 cap.
242 1844 269 1899 2.
314 1844 483 1901 Dominicua
505 1847 617 1903 Hennes
645 1849 678 1901 in
706 1847 790 1903 iaz.
820 1857 928 1920 quaest.
961 1850 1006 1905 19.

37 1927 74 1972 art.
95 1923 115 1977 i:
136 1925 202 1980 dub.
226 1924 254 1979 3.
275 1925 377 1980 conci.
405 1925 433 1979 4.
459 1921 621 1981 ’Νιιιιιιιι
648 1929 680 1981 in
695 1929 839 1982 manuali
866 1943 931 1998 cap.
958 1928 1007 1986 22.

35 1998 123 2057 11288.
156 2003 327 2060 Alexander
337 2004 501 2060 Peuantiue
518 2006 550 2058 in
573 2005 598 2060 1.
621 2005 648 2061 2.
669 2005 759 2076 uie.
777 2011 829 2061 art
844 2007 872 2060 6.
889 2008 964 2077 disp.
979 2007 1007 2063 2.

36 2091 56 2128 n.
73 2079 95 2133 3.
125 2083 291 2139 Franciecue
307 2083 426 2154 Sylvius
447 2084 478 2137 in
502 2083 532 2138 1.
550 2085 577 2138 2.
601 2091 710 2155 quaest.
729 2084 774 2138 19.
791 2093 842 2138 art.
858 2088 892 2138 »5.
916 2085 1007 2154 que.

36 2154 424 2232 Phiiippus-Gammachaens
452 2163 484 2217 in
508 2162 532 2218 1.
556 2164 584 2217 2.
612 2171 722 2233 quaest.
756 2161 801 2216 19.
822 2161 908 2216 ·ιι.ι2.
947 2164 1010 2216 An·

35 2233 99 2293 dress
117 2242 304 2310 Du-Vailius
332 2242 364 2295 in
393 2249 516 2299 tractatu
544 2243 580 2298 do
602 2242 715 2298 actibus
744 2241 879 2296 humanis
896 2257 954 2312 squ.
980 2242 1009 2298 4.

37 2323 76 2369 art.
96 2317 136 2374 12.
175 2322 316 2378 Nicolaus
337 2321 512 2376 isembertus
533 2323 565 2374 iu
588 2321 614 2376 1.
635 2321 664 2377 2.
687 2321 762 2390 disp.
785 2319 813 2374 9.
835 2329 887 2376 ιιι.
910 2322 938 2375 4.

78 2395 109 2452 Et
121 2403 260 2470 probatur
280 2399 305 2454 1.
321 2416 359 2455 ex
373 2401 500 2472 eoquod
514 2400 592 2454 dixit
606 2402 634 2456 S.
650 2401 707 2456 Leo
723 2400 802 2468 Papa
817 2403 901 2470 epist.
916 2400 964 2455 92.
979 2401 1007 2456 2

33 2471 61 2525 td
83 2476 224 2536 Rusticum
241 2479 380 2535 ¹Narbon.
412 2480 476 2535 ubi
498 2481 540 2534 sic
560 2481 719 2552 ioquitur:
751 2480 784 2532 Ie
810 2481 845 2532 iis
872 2495 942 2550 quae
968 2481 1012 2533 uei

34 2551 99 2609 19112
111 2560 214 2628 aserim
235 2569 283 2615 out
304 2561 425 2623 obscure,
448 2562 478 2614 a'd
497 2562 649 2614 nocuimus
668 2561 846 2632 acquestum,
869 2559 941 2628 qued
951 2573 1009 2612 «racc

28 2641 161 2706 proecepit,
181 2639 358 2710 eoonqela'cia,
388 2655 438 2692 uec
458 2642 572 2693 decretis
592 2640 645 2694 SS.
667 2641 780 2694 Putrtt'm
801 2639 936 2692 incendite·
956 2639 1010 2694 od·

33 2725 125 2768 vomu.
156 2719 202 2774 Ex
217 2719 324 2790 qui-bus
340 2718 437 2773 verbis
452 2720 494 2773 sic
509 2721 704 2790 argumentari
716 2733 889 2789 possumus:
922 2732 1010 2790 quae·

32 2786 92 2846 libet
110 2799 220 2866 opinio,
251 2813 325 2868 quse
345 2813 415 2852 uero
434 2805 477 2852 est
496 2797 677 2868 probabilis,
703 2798 835 2868 quamvis
857 2797 1011 2857 minuerit

34 2870 189 2944 Probabilis,
218 2876 402 2949 quamnim,
432 2891 504 2948 quae
529 2884 670 2932 censetur·
689 2875 887 2946 probabilior,
915 2887 1011 2936 tamen

32 2961 77 3001 nec
89 2958 242 3026 praeceptis
257 2957 435 3029 evangelicis
450 2957 605 3025 contraria,
618 2971 678 3010 nec
690 2957 813 3015 'decretis
827 2959 876 3014 SS.
893 2959 1010 3017 Petrum

31 3025 158 3090 invenitur
180 3036 322 3090 aduersa:
346 3051 422 3107 ergo
443 3035 602 3106 secundnm
628 3045 753 3092 mentem
780 3039 914 3094 illisas.
936 3039 1010 3092 Pon·

33 3105 103 3164 dicis
122 3114 204 3174 iliam
219 3103 301 3186 sessui
322 3116 437 3170 licitum
458 3122 509 3169 est.
541 3115 754 3188 Consequentia
773 3117 852 3172 olata
866 3124 928 3181 est3
959 3129 1010 3168 ans

32 3189 144 3246 trendens
173 3201 271 3264 patet‚.
294 3195 413 3265 quiesi
431 3194 531 3264 opinio
561 3195 615 3248 illa
641 3197 805 3266 praeceptis
834 3192 1009 3262 evangelicis

32 3273 70 3317 aut
87 3269 205 3328 decretis
227 3275 275 3328 SS.
297 3274 414 3330 Petrum
443 3273 658 3340 adversaretur,
685 3276 745 3344 jam
769 3287 829 3326 non
851 3275 925 3324 esset
945 3285 1010 3338 pro·

31 3336 134 3417 bubilia,
157 3359 320 3408 utvcouatat
340 3367 377 3407 ex
397 3353 444 3418 iii,
467 3365 540 3423 quae
561 3351 585 3422 9.
610 3352 635 3404 1.
658 3351 832 3406 dictasunt.

78 3426 214 3488 Probatur
230 3432 262 3488 2.
304 3433 360 3486 lile
381 3438 468 3490 actus·
483 3435 614 3486 consetur
634 3429 728 3482 bonne
746 3427 948 3492 erheuenne,
968 3441 1009 3484 -ac

28 3505 136 3566 Proinde
163 3510 274 3580 licitus,
306 3512 360 3583 qui
385 3518 478 3591 rectae
510 3509 618 3588 rationi
643 3505 798 3560 conformis
831 3507 893 3570 est;
927 3505 1009 3574 atqui
