2356 3870
163 133 226 204 382
345 174 348 180 -
444 149 490 193 nn
505 145 656 192 occarent
677 139 867 194 numeria

160 275 191 329 9.
207 272 390 342 Augustinus
409 267 462 324 tm.
484 268 512 323 9.
535 268 570 323 de
587 265 883 338 connaturalem.
906 268 952 323 te.
978 261 1069 324 dicit:
1101 287 1156 324 oar-

166 369 226 408 aeaa
247 353 400 406 societater
414 351 572 404 samonam
585 357 714 419 taquam
729 348 967 418 praeformare
978 350 1146 419 sopiendum.

224 435 251 486 5.
289 428 440 499 Expressa
459 435 553 483 nutem
576 427 725 482 daemonis
751 428 901 482 invocatio
925 429 956 482 in
980 429 1158 484 divinatione

164 508 369 580 multiplieiter
383 508 444 564 ilari
459 507 540 573 sciat,
555 515 588 560 nt
603 508 666 560 iasa
678 505 811 576 explieat
824 509 853 561 S.
869 507 977 562 Ductor
992 507 1157 578 quaestio.

166 599 217 644 art.
237 589 324 662 juata
346 589 444 642 varios
465 586 582 652 modos,
612 585 827 656 quinus-solet.
843 586 970 642 'daemon
1000 588 1093 644 lutura
1113 588 1156 644 vel

164 669 280 725 occulta
294 668 487 722 manifestare.
522 664 691 735 Aliquando
713 666 790 719 enirn
811 665 844 718 id
864 675 994 735 praestat
1011 683 1062 738 per
1080 668 1155 722 ictas

166 749 306 820 quasdam
327 747 537 815 apparitiones,
567 744 674 814 quibua
702 745 795 800 oculis
815 745 966 800 hominnm
990 745 1099 811 illudit,
1127 757 1156 800 et

164 831 237 884 isaeo
257 825 449 880 divinationis
474 825 586 893 species
607 831 725 880 vocetur
753 825 950 895 praestigium.
994 826 1154 896 Aliquando

161 923 219 979 per
239 906 364 972 somnia,
394 903 513 974 quando
533 903 599 973 qnia
627 916 681 972 per
699 904 813 958 somnia
841 919 1010 974 responsum
1033 913 1155 974 expectat

166 1003 184 1040 a
204 987 358 1050 daemona,
388 992 416 1037 et
437 990 557 1037 vocatur
581 982 731 1036 divinatio
753 998 804 1052 por
831 985 950 1038 somnia.
993 984 1154 1054 Aliquando

159 1079 217 1136 per
237 1073 414 1120 mortuorum
435 1063 532 1116 liciam
554 1061 752 1130 apparentiam
778 1063 827 1115 vel
848 1063 1041 1130 locationem,
1068 1072 1097 1118 et
1114 1081 1156 1118 vo

163 1152 246 1200 catur
274 1143 478 1199 necromantia
522 1139 692 1211 Aliquando
719 1153 772 1210 per
799 1149 906 1196 statuar
931 1152 960 1197 ct
981 1143 1084 1214 aliqua
1104 1159 1157 1198 cor-

165 1238 238 1296 pora
258 1221 418 1288 terrestria,
439 1229 470 1275 et
490 1219 597 1290 dicitur
618 1221 788 1291 generantia.
830 1221 1001 1291 Aliquando
1022 1237 1075 1292 per
1096 1225 1157 1295 iign-

165 1319 215 1359 raa
227 1309 398 1373 apparentes
412 1303 443 1355 in
458 1301 551 1370 aquis,
573 1308 601 1354 et
616 1305 734 1353 vocatur
748 1299 961 1368 hydromantia.
994 1303 1155 1372 Aliquando

165 1399 218 1456 par
239 1383 346 1454 ligures
370 1383 469 1434 aereas
497 1379 548 1432 vel
575 1379 687 1450 igneas,
716 1389 746 1433 ct
773 1388 892 1434 vocatur
917 1383 1100 1436 aeramentis
1120 1383 1156 1436 rel

169 1462 363 1536 pyromantia.
398 1457 568 1529 Aliquando
588 1474 640 1528 per
659 1459 870 1529 inspectionem
891 1461 1035 1514 viscerum
1058 1463 1157 1516 anima·

167 1543 250 1607 llum,
274 1555 349 1612 quae
363 1538 555 1594 daemonibus
575 1537 771 1606 immolantur,
788 1546 821 1592 -et
835 1537 943 1593 dicitur
957 1541 1142 1609 aruspicium.

228 1621 308 1686 Quae
332 1618 448 1690 quidem
477 1631 575 1671 omnes
602 1617 794 1672 divinationis
821 1619 933 1686 species
960 1629 1029 1674 sunt
1049 1631 1157 1689 peccata

160 1699 304 1754 mortalia
324 1695 511 1768 gravissima,
535 1695 638 1752 divina
659 1698 722 1768 iege
742 1697 908 1766 reprobata,
931 1705 966 1752 ut
983 1707 1067 1768 patet
1086 1700 1158 1754 Dent.

169 1791 235 1858 nap
258 1775 304 1831 18.
326 1783 355 1829 at
375 1776 461 1830 etiam
482 1775 682 1831 sanctionibus
704 1777 909 1832 ecclesiasticis
928 1777 983 1832 suls
1004 1781 1159 1834 anathema·
1173 1821 1174 1826 .

168 1851 205 1912 t'is
226 1853 462 1912 interminatione
490 1850 653 1924 prohibita,
677 1867 715 1910 ut
740 1856 864 1912 habetur
892 1872 954 1927 cap.
984 1857 1018 1912 Si
1040 1861 1100 1930 quia
1119 1857 1174 1912 dot

92 1953 94 1962 ’
168 1943 279 2008 quaeat.
303 1937 330 1991 5.

230 2015 389 2082 Divinatio,
411 2029 485 2084 quac
507 2018 545 2071 nt
551 2032 604 2087 per
623 2015 740 2070 ιιιοίιιιιιι
754 2014 951 2070 daemonum
942 2019 1158 2082 rnvocationen,

168 2101 201 2152 ut
222 2095 349 2151 doceis.
367 2093 491 2151 ihomas
512 2111 575 2166 sup
598 2098 628 2150 in
650 2093 707 2149 dno
723 2105 828 2165 genera
847 2094 1062 2152 subdividitur.
1096 2097 1160 2163 Quo

158 2191 233 2234 'rum
254 2175 381 2245 primum
403 2181 459 2242 eat,
488 2175 604 2247 qnando
626 2172 665 2227 ad
686 2173 900 2246 cognoscendas
921 2191 967 2229 res
990 2177 1102 2230 laturas
1123 2171 1173 2242 vri}

95 2291 99 2332 3
160 2254 298 2308 occultas
327 2255 526 2322 superstitiose
552 2253 750 2310 consideratur
778 2252 923 2324 aliquid
914 2271 945 2308 ιιι
968 2254 1173 2330 dispositioni,

165 2331 224 2386 bus
246 2332 436 2426 quarumdam
458 2349 564 2401 rernm,
581 2331 673 2404 qnod
690 2348 731 2387 ax
750 2349 791 2387 aa
807 2334 916 2388 nnllam
944 2331 1035 2390 habet
1058 2343 1161 2390 nutura·

169 2412 227 2467 lem
248 2413 457 2467 connexionem
487 2429 551 2467 cnm
572 2413 659 2466 robus
687 2412 755 2466 iliis
777 2413 881 2468 futuris
908 2422 936 2469 et
963 2416 1108 2470 occultior
1139 2421 1162 2466 rt

169 2493 247 2546 enim
276 2499 352 2546 recte
380 2490 458 2545 dixit
486 2493 514 2546 S.
537 2493 717 2564 Augustinus
745 2493 798 2546 lib.
828 2493 855 2546 9.
885 2491 920 2547 dc
943 2494 1042 2549 doctr.
1074 2495 1172 2549 chusi.

169 2585 234 2642 cap.
255 2570 284 2626 2.
319 2571 392 2624 Istoc
406 2571 545 2642 opiniones
563 2573 725 2642 quibusdum
737 2589 827 2626 rerum
847 2574 934 2641 aipna's
947 2575 1070 2629 dummoc
1085 2573 1172 2644 prce

159 2653 320 2722 -aamptt'one
341 2651 482 2717 institutis,
513 2655 550 2708 cd
571 2655 664 2706 endem
684 2653 745 2716 illc,
763 2653 848 2722 quast
868 2655 1086 2723 qucrimonia·
1106 2653 1163 2706 dor-

171 2731 292 2784 monr'bas
307 2738 408 2800 pacto,
430 2732 576 2803 reserenda
595 2741 665 2785 aunt.
696 2749 700 2754 ’
742 2769 744 2774 ·
1017 2751 1021 2758 ·

232 2808 317 2874 Quod
338 2812 363 2863 si
384 2810 422 2864 ad
442 2813 520 2868 hunc
540 2808 698 2868 divinandi
710 2812 797 2864 linem
820 2817 912 2866 metus
934 2813 985 2868 vel
1004 2813 1076 2870 situs
1098 2809 1163 2863 side

170 2898 233 2942 rum
255 2887 462 2958 consideretur,
484 2894 556 2948 heco
568 2890 716 2944 divimtio
732 2890 841 2945 dicitnr
861 2892 1034 2964 annalogia
1070 2891 1096 2946 si
1111 2903 1162 2960 gar·

171 2965 243 3020 ritus
258 2966 428 3022 animalium
442 2979 492 3026 ant
506 2973 613 3037 avium,
635 2969 744 3023 dicitur
757 2971 930 3040 arrguriurn3
963 2973 987 3026 si
1005 2967 1163 3026 earunocn

144 3051 146 3056 ’
170 3045 270 3100 avium
297 3045 427 3116 volatus,
456 3051 639 3120 auspicium
672 3051 697 3103 si
725 3049 814 3103 verba
846 3050 990 3120 quaedam
1020 3051 1171 3118 hominum

170 3141 240 3181 casu
260 3125 375 3196 prolata
398 3136 616 3199 retorqueantur
639 3127 677 3182 ad
697 3129 913 3197 praenotionem
943 3131 1079 3201 aliquam
1101 3123 1171 3190 futu-l

166 3221 278 3277 rorum,
301 3203 410 3260 dicitnr
424 3223 528 3278 omen3
559 3210 584 3262 si
596 3209 786 3263 ‘lineamenta
799 3208 939 3278 quaedam
955 3214 1062 3266 manus
1076 3219 1166 3278 super·

171 3286 283 3340 stitione
306 3283 506 3356 observentur,
528 3295 648 3342 vocatur
668 3288 867 3342 chiromantiat

164 3363 168 3368 “
233 3363 261 3416 d.
298 3362 399 3418 Porro
394 3367 486 3420 circa
507 3367 691 3438 astrologiam
713 3366 924 3421 observandum
947 3375 990 3422 est
1009 3384 1047 3423 ex
1070 3369 1100 3422 S.
1120 3363 1166 3418 Do·

171 3445 395 3510 etoraquacsa
392 3443 450 3500 95.
474 3453 525 3498 ιιι.
548 3447 578 3499 5.
591 3445 678 3514 quod,
695 3447 901 3516 quamvisper
921 3444 1170 3502 illamscientiaan

161 3513 266 3585 ‘aliqui
288 3519 405 3574 affectus
426 3523 571 3576 naturales
599 3526 804 3596 praecognosci
829 3527 956 3595 possint,
985 3535 1017 3582 ut
1037 3526 1170 3593 eclipses
