2316 3866
118 109 182 178 titt
511 125 548 170 nc
568 125 719 170 eneceris.

119 245 213 321 petiti.
255 248 305 302 lte
318 246 497 302 Sc‘lirorras
517 248 548 300 in
570 245 597 300 2.
620 245 687 299 sliat.
709 243 757 299 ta.
783 249 893 314 quaesi.
917 241 943 297 i.
962 243 1063 300 artui.
1081 253 1107 300 et

119 329 290 400 postillam
312 329 415 382 Suures
436 333 509 395 part.
532 325 559 380 3.
581 332 663 380 tract.
685 325 713 378 t.
737 324 811 394 tliep.
833 321 881 377 iii.
904 329 972 377 seut
995 328 1022 380 5.
1058 325 1108 379 Nu-

121 423 221 463 uarrus
242 423 307 477 cap.
326 404 354 461 t.
378 419 456 460 uum.
480 404 525 459 16.
567 405 709 471 Ancrius,
734 403 872 458 ¹'l’trbieuu
893 409 923 457 et
943 404 1025 458 aliie
1046 405 1108 459 Cum

122 489 198 546 enirn
221 487 357 542 voluutas
377 487 415 539 sit
434 483 614 554 principium
636 485 749 538 actuum
779 481 1011 538 voluntariorum
1031 484 1110 540 bono·

123 581 186 622 ram
208 566 406 633 etmalorum,
429 579 481 618 neo
501 563 595 617 ullum
615 564 653 617 sit
666 571 826 632 peccatum,
847 561 906 616 uisi
927 561 960 614 in
982 572 1109 633 quantun
1153 625 1154 632 ἵ

123 645 160 702 ab
182 648 246 716 ipsa
267 646 415 699 voluntate
438 641 595 700 deliberate
615 641 756 712 procedit,
777 643 847 696 hinc
868 640 1004 712 sequitur
1022 657 1111 713 pecca·

123 734 217 782 torum
238 739 388 781 numerum
409 721 440 775 in
462 728 572 778 tanturn
588 719 793 790 multiplicari,
811 722 845 775 in
867 730 1013 790 quantum
1032 723 1108 793 ipsius

121 804 283 860 voluntatis
303 810 382 856 actus
404 801 553 856 moraliter
572 800 728 870 interrupti
748 807 926 870 repetuntur.

185 883 327 952 Quaeres,
350 879 535 950 quandonam
555 880 715 934 voluntatis
737 887 817 938 actus
839 887 1015 936 censeantur
1035 894 1113 935 mort·

122 965 192 1018 liter
212 961 399 1029 interrumpi,
429 962 472 1014 ita
497 966 529 1014 ut
549 973 602 1029 per
629 959 747 1014 illorum
776 959 979 1030 repetitionem
1008 967 1114 1029 peecata

123 1055 242 1096 numero
264 1039 504 1110 multiplicentur.
544 1039 750 1109 Respondetnr
769 1046 850 1094 accus
871 1039 1036 1094 voluntatis
1056 1045 1114 1093 tunc
1154 1061 1155 1080 1

123 1119 272 1176 moraliter
292 1115 475 1189 interrumpi,
499 1120 611 1189 quoties
625 1133 679 1172 nec
700 1119 869 1186 iormaliter,
891 1133 945 1173 neo
959 1119 1116 1174 virtualiter

124 1206 326 1272 perseverant:
358 1197 436 1256 uude
459 1197 510 1269 qui
529 1199 726 1268 proficiscitur
739 1197 776 1252 ad
791 1196 957 1266 furantium,
982 1199 1033 1254 vel
1054 1198 1117 1252 ttotri⁸

126 1279 252 1336 tiendum
273 1279 441 1342 inimicum,
471 1279 603 1348 quamuis
624 1278 655 1331 in
677 1279 727 1332 via
748 1277 865 1332 iurandi
892 1277 940 1331 vel
969 1276 1117 1334 (recidendi

124 1360 306 1432 propositum
327 1358 442 1427 saepius
457 1363 576 1427 repetat,
598 1371 656 1412 non
677 1363 810 1412 censetur
822 1357 881 1411 nisi
901 1371 996 1412 unum
1010 1371 1118 1410 numero

125 1446 276 1510 peccatum
305 1438 502 1504 committere3
521 1451 615 1492 secus
642 1439 759 1490 verosi
782 1437 854 1491 irase
881 1437 963 1505 prior
993 1437 1118 1491 voluntis

125 1517 244 1576 furandi
265 1531 364 1572 somno
385 1519 641 1585 interrumpatur,-
654 1523 684 1569 et
703 1521 803 1586 postea
823 1515 981 1570 renovetur
1003 1523 1033 1572 et
1052 1529 1118 1585 repe·
1155 1527 1156 1552 i

125 1603 220 1653 tatur:
254 1604 323 1650 nnnc
343 1596 420 1650 euim
442 1594 525 1649 aliud
544 1603 693 1664 peccatum
715 1609 835 1650 numero
858 1593 1035 1650 distinctum
1056 1609 1118 1650 ccm-

125 1675 259 1741 sanctitur,
279 1681 312 1728 nt
334 1673 439 1728 docent
459 1690 546 1743 snpra
561 1675 643 1728 citati
660 1674 802 1728 authores.
838 1673 922 1740 Quod
943 1676 972 1728 si
995 1687 1118 1730 numeret

124 1761 240 1810 actuum
262 1753 380 1808 illorum
395 1753 555 1808 voluntatis
567 1755 792 1822 interruptcrum
814 1761 842 1808 at
862 1754 1056 1822 repetiturum
1069 1761 1119 1806 ten·

47 1835 54 1842 ‘
126 1841 173 1888 tus
194 1834 247 1900 ait,
277 1832 413 1886 utillum
438 1831 561 1886 definire
589 1833 737 1888 moraliter
764 1832 949 1902 impossibile
967 1835 1032 1888 sit:
1063 1839 1119 1886 tunc

125 1913 195 1966 satis
217 1913 272 1967 erit
291 1911 321 1964 iu
344 1911 524 1966 confessione
543 1914 682 1982 temporis
695 1927 804 1967 moram
819 1911 967 1968 declarare
985 1929 1021 1970 eo
1035 1911 1118 1974 moin,

119 2006 183 2074 ¹quo
211 1991 321 2126 ᾱιίἓῑιιω
350 1997 393 2044 eat
421 1995 501 2046 tract.
527 1989 553 2046 i.
572 1989 665 2062 *hujus
693 1993 861 2060 posterioris
888 1991 985 2061 partis
1015 2007 1078 2063 cap.
1097 1992 1119 2045 5·
1156 1979 1157 1994 ¹

124 2077 194 2126 Rei.
258 2109 266 2124 .
767 2087 769 2092 '

448 2253 844 2366 cucuron}

123 2425 174 2484 De
199 2427 348 2498 peccatis
376 2425 620 2482 commissionis
644 2425 684 2482 ‘et
710 2419 916 2497 omissionis,
945 2439 1121 2498 eorumque

365 2507 369 2512 ’
476 2496 581 2552 variis
602 2493 770 2564 mnibus.
819 2497 834 2514 ”
1021 2500 1025 2508 ’

180 2625 215 2682 l.
258 2628 351 2682 Docet
371 2626 399 2680 S.
423 2625 547 2680 Thomas
569 2633 680 2694 quaest.
702 2623 748 2679 te.
776 2631 829 2678 ert.
848 2624 931 2680 (iret
953 2632 1023 2681 ante
1045 2627 1122 2680 illua

126 2706 264 2762 decuerat
283 2705 314 2766 S.
336 2707 517 2777 Augustinus
537 2703 591 2760 lib.
612 2703 647 2758 de
661 2705 838 2774 perfectione
848 2702 983 2774 justitiae
1000 2721 1065 2776 cap.
1081 2702 1121 2758 ii.

126 2791 279 2854 paccatum
305 2802 390 2841 omne
423 2785 537 2840 duobus
567 2783 661 2839 modis
692 2781 825 2838 admitti:
857 2784 882 2836 si
910 2784 1054 2840 nimirum
1079 2787 1122 2836 aut

125 2863 180 2916 illa
202 2863 288 2929 fiant,
311 2880 384 2935 qaae
405 2863 611 2934 prohibentur,
633 2871 662 2917 et
683 2863 802 2918 honest
822 2869 973 2932 peccatum
993 2861 1122 2918 commis·

127 2941 232 3006 sionis,
256 2949 382 2997 autnon
405 2945 488 3011 fiant,
511 2957 586 3013 qnae
603 2942 758 3013 jubentur,
782 2949 810 2997 at
829 2941 909 2998 istud
928 2949 974 2998 est
995 2942 1121 2996 omissio·

125 3021 181 3076 nis.
224 3020 302 3075 Haec
319 3028 366 3075 est
386 3029 480 3076 autern
501 3024 658 3090 praecipua
682 3021 757 3076 iuter
777 3027 930 3090 atrumque
952 3020 1122 3082 differentia,

126 3099 205 3170 qnod
225 3093 376 3170 peccatum
398 3102 611 3156 commissionis
631 3107 794 3170 opponatur
809 3106 961 3170 praecepto
978 3101 1124 3171 negativo,

126 3177 208 3248 cnjus
233 3187 275 3233 est
303 3195 338 3232 ea
365 3179 509 3245 conditio,
534 3178 622 3248 juxta
648 3180 811 3234 doctrinam
833 3181 862 3234 S.
883 3179 1014 3234 'rhomae
1044 3177 1067 3232 i.
1095 3175 1122 3230 2.

126 3263 235 3324 quaest.
258 3255 305 3312 33.
329 3267 381 3312 art.
404 3256 432 3312 2.
448 3265 482 3331 ut
493 3259 571 3311 omni
587 3265 714 3328 tempore
729 3258 840 3330 obliget
852 3275 866 3326 ς·
890 3259 1046 3326 peccatam
1056 3269 1123 3308 vero

127 3335 291 3396 emissionis
313 3344 477 3405 opponatur
501 3343 656 3405 praecepto
668 3337 850 3403 affirmativo,
867 3335 945 3408 quod
958 3351 1021 3392 uon
1036 3333 1122 3398 omni,

127 3410 177 3462 sed
199 3419 276 3466 certo
291 3420 404 3470 tantum
424 3421 452 3468 et
473 3413 662 3470 determinato
677 3423 808 3485 tempore
819 3415 937 3487 obligat,
961 3421 993 3469 nt
1007 3413 1123 3485 plenius

127 3492 156 3538 et
177 3485 342 3546 distinctius
364 3493 440 3548 inira
461 3491 498 3546 in
515 3492 711 3560 explicatione
731 3495 871 3566 Dacalogi
889 3493 1101 3550 declarabitur.
