2384 3868
464 155 639 207 amarus.
1007 131 1051 210 {V

63 329 203 402 scendum
231 349 340 394 verum
371 354 391 393 a
417 329 516 406 falso,
546 341 577 394 et
591 340 738 415 ‘pravum
766 353 786 394 a
813 339 916 410 recto,
944 331 1052 410 iniis,

62 459 135 520 qnae
151 438 190 502 nd
206 435 414 503 Sacramenta
428 447 577 503 semones
587 439 758 526 pertinent,
773 439 932 518 'adldbuit
950 441 1048 525 juxta

62 546 272 632 propheu'cum
293 545 429 625 dictum,
453 537 577 612 ludente
594 553 720 629 pedibus
732 553 1050 618 mcieeerbumtuum.

61 669 87 719 ct
105 661 201 720 mum
222 665 331 720 umido
343 665 427 721 mdc.
461 655 588 724 Exinde
601 655 818 722 Conciliorum
832 669 1047 722 summotumJ

64 787 117 848 que
141 761 333 832 Pontificum
360 765 504 844 daona,
532 787 592 831 neo
616 787 681 831 non
701 765 762 834 SS.
783 767 916 834 Petrum
938 767 1043 845 effata,

63 875 177 940 tumin
204 875 342 961 propriis
370 873 527 954 fontibus,
558 886 624 941 tum
651 876 684 940 in
709 877 780 963 ipso
797 877 869 962 jure
890 867 1046 942 canonino

69 983 180 1049 solerter
206 983 387 1069 inquisivit,
416 985 552 1070 denique
572 985 748 1050 Doctorum
770 985 908 1052 maxime
928 985 1043 1072 proba·

68 1103 155 1157 torum
183 1115 340 1182 response
374 1093 550 1172 consuluit,
590 1116 627 1160 ac
659 1117 736 1182 prae
771 1097 902 1162 caeteris
937 1097 1042 1184 ipsum

64 1199 94 1268 S.
108 1201 256 1268 lhomam
271 1201 467 1289 Theologiae
484 1204 580 1269 totius
603 1204 725 1290 apicem
747 1204 936 1283 observavit,
958 1207 1042 1290 ejus-

63 1332 116 1394 que
134 1312 295 1378 dootn'nae
316 1334 441 1398 semper
462 1311 613 1378 adhaesit.

112 1447 153 1512 Et
179 1447 214 1512 in
242 1447 283 1512 iis
312 1447 457 1531 quidem,
493 1469 574 1534 quae
606 1447 726 1514 nullam
754 1458 809 1514 aut
834 1448 1042 1534 perexiguam

58 1555 268 1622 difficultatem
290 1557 462 1642 recipiunt,
484 1557 577 1622 unius
600 1565 722 1622 tantum
744 1566 799 1622 aut
819 1557 946 1624 ulterius
967 1579 1043 1644 pro·

56 1665 113 1729 bati
139 1667 292 1732 Doctoris
323 1665 480 1732 calculum
508 1667 638 1752 adjecit:
673 1667 707 1732 in
738 1667 937 1754 gravioribus
966 1687 1042 1732 vero

55 1773 305 1856 difficultatibus,
328 1773 587 1840 maximorumet
598 1776 922 1843 nominatissimorum
936 1775 1042 1840 ’Πιθο-

54 1883 190 1972 logornm
214 1907 311 1950 sensa
329 1883 462 1962 evolvit,
488 1906 659 1970 eorumque
681 1883 869 1950 authoritate
891 1884 1041 1950 stabilivit

55 2015 102 2073 ea,
131 2017 215 2079 qnae
244 1993 499 2080 probabilissima
528 2003 559 2059 et
589 1995 695 2079 quoad
726 1997 850 2080 praxim
886 1993 1043 2060 tutissima

53 2103 107 2188 ipsi
125 2104 197 2169 visa
218 2113 308 2168 sunt:
329 2103 471 2187 haecque
492 2103 599 2170 omnis
618 2113 737 2188 quanta
756 2105 860 2190 potuit
880 2104 1042 2182 brevitate,

54 2211 197 2278 facilitate
226 2234 265 2276 ae
292 2212 515 2298 perspicuitate
542 2213 715 2314 praestitit,
753 2224 807 2278 aut
838 2224 921 2278 certe
949 2235 1040 2299 prue-

57 2331 128 2388 stare
147 2322 264 2388 voluit.

108 2457 296 2534 Caeterum,
327 2457 354 2521 si
382 2457 458 2541 quid
485 2458 518 2522 in
545 2457 607 2522 hac
631 2455 825 2542 Theologiae
853 2456 980 2522 moralis
1010 2466 1043 2524 et

53 2568 204 2650 practicae
226 2565 366 2652 Synopsi
386 2566 496 2632 lectori
516 2567 621 2630 minus
649 2565 801 2644 arrideat,
830 2567 892 2632 hoc
920 2565 961 2631 ab
985 2567 1041 2632 illo

54 2677 231 2762 suppliciter
259 2676 450 2761 postulatur,
480 2686 515 2740 ut
536 2675 621 2762 apud
643 2697 676 2740 se
697 2675 888 2762 perpendat,
915 2675 1041 2742 difficil-

54 2783 156 2850 limum
178 2807 268 2867 esse,
290 2785 364 2849 imo.
376 2785 431 2849 vix
452 2783 618 2870 possibile,
638 2785 887 2869 uniuscujusque
902 2795 1047 2864 mentem¹

55 2895 186 2978 assequi,
219 2903 275 2958 aut
303 2894 384 2958 votis
410 2893 643 2971 obsecundare,
671 2895 704 2957 in
724 2903 814 2958 tonte
832 2915 938 2960 rerum
961 2895 1041 2960 adeo

57 3001 257 3088 implexarum
278 3013 309 3068 et
324 3003 493 3068 arduarum
509 3003 660 3068 varietate
675 3024 712 3066 ae
726 3003 934 3082 multitudine,
958 3025 1041 3088 quae

54 3111 159 3180 inhoe
181 3113 338 3200 opusculo
360 3113 487 3178 hectun
516 3111 708 3190 debuerunt,
736 3113 868 3198 ejusque
897 3114 1041 3200 augustis

52 3220 194 3288 limitibus
226 3223 357 3286 aretari:
386 3230 550 3308 praeterea
580 3219 757 3286 consideret
778 3221 941 3286 authorem
963 3221 1042 3287 nihil

52 3351 87 3395 ex
105 3334 232 3420 proprio
254 3331 400 3418 ingenio,
431 3331 482 3396 oui
505 3331 643 3396 maxime
665 3329 809 3398 diffidere
830 3329 955 3410 debuit,
986 3329 1043 3397 sed

50 3444 148 3510 omnia
169 3453 202 3509 et
228 3441 357 3528 singula
378 3439 430 3506 vel
451 3461 491 3505 ex
506 3436 678 3524 Scripturis
695 3440 829 3518 sanctis,
851 3439 902 3504 vel
917 3461 958 3505 ex
971 3441 1042 3524 ipso
