2282 3876
88 161 151 232 tta
478 173 517 221 nn
539 172 686 224 mussare

89 314 186 362 curum
207 311 389 370 percussore:
416 295 502 352 uncle·
515 289 653 355 Doctores
673 309 711 349 ex
731 295 827 364 capite
853 294 996 356 Quoniam
1020 295 1096 348 nal

89 391 130 436 tos
152 377 198 434 il.
220 377 373 453 quaesti.
395 391 496 432 causas
516 374 630 446 aliquas
650 375 811 446 colligunt,
839 373 879 428 ob
907 389 991 444 quse
1017 373 1097 444 ejus-

89 458 169 516 modi
190 456 411 514 communicatio
432 456 511 512 licite
530 454 634 513 baberi
647 461 757 525 potest,
776 469 850 528 quaa
865 453 925 508 hoc
940 455 1096 508 versiculo

86 538 280 596 communiter
300 537 482 607 exprimunt:

251 637 339 703 Utile,
363 635 420 702 lex,
442 634 558 700 humile,
580 649 623 686 res
641 636 774 700 ignorata,
796 647 922 710 trecenae.

149 737 257 794 Utile
283 735 426 806 rignlicat
448 734 605 790 utilitatem
626 733 806 804 spiritualem
826 733 1092 802 excommunicati,

89 817 257 884 annititur,
279 815 329 886 qui
350 829 415 869 cum
435 829 468 870 eo
490 807 691 892 communicat
866 807 869 820 '

149 897 223 952 Lex
243 894 452 968 obligationem
471 893 521 948 illi
541 891 693 960 recidendi,
714 891 793 964 quod
813 891 840 946 ei
850 890 938 962 juste
956 891 1096 957 debetur,

86 981 120 1034 ut
135 978 165 1030 si
186 975 300 1030 debitor
322 969 610 1029 creditori‘mutuum
632 973 777 1038 restituat¹
804 971 828 1025 ai
848 987 929 1026 uxor
954 973 1027 1029 viro
1049 973 1098 1026 (le

87 1057 181 1120 bitum
202 1053 355 1124 conjugale
375 1049 487 1108 reddat.

101 1185 105 1198 ,
147 1129 297 1194 Humile
324 1132 457 1202 designat
484 1129 693 1202 subjectionem
720 1137 748 1186 et
774 1128 972 1201 obsequium,
1013 1131 1097 1202 quoti

89 1215 166 1270 filius
186 1213 318 1284 parenti,
340 1227 439 1266 servus
455 1209 578 1274 ‚domino
601 1209 711 1264 deterre
733 1218 852 1270 tenetur.

111 1363 114 1370 .
149 1289 217 1350 Res
237 1293 402 1364 ignorata
416 1289 492 1362 juris
509 1296 561 1343 aut
578 1285 648 1364 iacti
665 1289 859 1364 ignorantiam
873 1289 1097 1350 invincibilem

83 1389 137 1437 seu
162 1371 381 1442 inculpabilem.
718 1440 722 1453 Ι

147 1449 309 1506 Necesse
329 1449 527 1506 necessitatem
548 1448 745 1523 spiritualem,
777 1449 945 1525 autetiam
976 1457 1097 1520 tempo-

89 1529 194 1600 ialam,
223 1532 248 1584 si
274 1530 314 1584 ait
340 1528 495 1584 notabilis:
524 1525 602 1581 unde
629 1526 743 1598 licitum
770 1533 813 1583 eet
837 1545 865 1581 v.
886 1545 913 1598 g.
945 1529 980 1582 iu
1006 1531 1096 1602 gravi

87 1609 255 1671 necessitate
286 1608 431 1678 corporali
461 1607 671 1678 eleemosynam
699 1605 795 1678 petere
822 1613 850 1662 et
876 1608 1023 1678 accipere
1058 1609 1095 1664 ab

85 1687 334 1746 excommunicato
357 1686 541 1744 denunciato,

145 1784 173 1840 4.
216 1783 338 1851 Quaeret
358 1781 476 1852 aliquis,
499 1790 570 1852 quot
589 1783 648 1852 sint
668 1790 697 1838 et
717 1785 835 1854 quinam
848 1798 947 1850 maus,
969 1785 1006 1837 in
1024 1787 1093 1856 qui·

86 1865 141 1922 bus
162 1862 423 1921 excommunicatio
443 1860 536 1932 major
561 1863 733 1920 incurritur:
760 1863 900 1920 minorem
929 1865 1092 1934 siquidem

87 1950 199 2003 constat
217 1943 304 1998 unico
323 1942 419 2000 solum
440 1956 509 1996 casu
528 1942 654 2010 incurri,
682 1943 944 1999 communicatione
967 1944 1092 1998 seilicet

82 2039 152 2082 cum
172 2021 473 2081 excommunicatoria
494 2021 609 2076 casibus
629 2038 718 2092 auprn
737 2023 900 2092 explicatis.
949 2022 1090 2094 Respon-

87 2103 184 2172 debam
204 2104 237 2156 in
252 2101 364 2158 duobus
379 2099 535 2172 generatim
549 2101 664 2156 casibus
678 2102 797 2156 incurri.
828 2101 938 2168 Primo,
962 2103 1091 2172 quaudo
1139 2153 1140 2162 ,

85 2186 118 2243 it
137 2185 185 2240 vel
206 2182 349 2238 omittitur
368 2179 498 2250 aliquid,
526 2180 613 2254 quod¹
626 2195 643 2235 a
658 2179 925 2250 jureprohioitnn
950 2189 1016 2250 est,
1040 2184 1089 2238 rel

85 2263 294 2334 praescriptum
315 2260 369 2316 sub
384 2275 485 2329 poena
503 2259 807 2332 excommunicationis
834 2261 904 2328 ipso
927 2261 1011 2316 iacto
1042 2264 1087 2316 in-

86 2341 253 2400 currendae.
286 2338 437 2416 'Secundo
459 2337 575 2410 quando
591 2337 690 2411 judici
710 2339 905 2397 ecclesiastico
926 2341 979 2394 vel
994 2339 1086 2399 Prae·

83 2423 145 2478 lato
173 2417 288 2492 aliquid
315 2417 369 2474 cub
393 2433 488 2489 poena
516 2419 821 2478 excommunicationis
845 2421 910 2488 ipso
932 2420 1016 2475 tacto
1041 2422 1086 2475 iu·
1138 2453 1139 2476 3

85 2501 242 2564 curreutlae
267 2498 459 2568 praecipienti
484 2505 512 2554 et
532 2499 704 2554 monitiones
726 2498 839 2569 aliquas
860 2513 893 2556 eo
914 2499 975 2554 tine
996 2500 1087 2557 adhi-
1138 2483 1139 2549 l

84 2579 166 2638 beuti
185 2595 246 2636 non
266 2575 489 2648 obtemperatur.

145 2677 182 2734 Et
202 2676 290 2746 primi
311 2672 429 2746 quidem
450 2673 561 2744 generis
590 2673 902 2730 excommunicationes
929 2675 1087 2744 plurimae

85 2763 113 2813 et
133 2757 258 2812 maxime
279 2753 411 2810 diversae
430 2767 483 2824 per
502 2761 593 2808 totum
610 2751 687 2824 juris
713 2754 849 2809 canonici
876 2769 984 2824 corpus
1009 2771 1084 2824 pas-

84 2827 138 2890 sim
158 2843 211 2905 pro
233 2835 322 2891 variis
344 2832 439 2888 causis
460 2839 488 2888 et
508 2832 659 2888 eventibus
679 2829 757 2888 latae
776 2833 979 2903 reperiuntur,
999 2847 1082 2904 quse

85 2932 102 2970 a
123 2911 298 2971 uoletotio.
316 2911 341 2967 l.
363 2928 388 2968 c.
406 2911 452 2968 ¹8.
466 2910 573 2968 liele.
602 2928 715 2968 summa
740 2928 810 2968 cura
836 2912 980 2969 collectae
999 2923 1080 2984 sunt,

85 2991 213 3063 et‘apud
232 2993 318 3048 illum
339 2990 434 3048 videri
453 2997 590 3062 possunt3
615 3007 686 3062 quas
708 2989 831 3060 proinde
851 2992 900 3046 bic
921 2992 1076 3064 sigillatim

84 3073 232 3131 accensere
252 3071 339 3126 nimis
359 3065 507 3141 prolixum
528 3071 611 3141 toret,
632 3069 910 3126 et'institutimobis‘
928 3073 1074 3144 propositi

73 3151 191 3212 Ilimites
212 3150 372 3208 excederet.
413 3151 510 3207 Unum
535 3157 647 3206 tantum
672 3151 866 3222 casnm-‚qui
893 3152 1076 3222 frequentius
1136 3169 1137 3187 t

84 3232 215 3290 cocidere
236 3237 339 3302 potest,
359 3230 409 3286 hie
427 3230 555 3286 breviter
572 3230 785 3296 adnotabimus,
807 3230 858 3301 qui
870 3229 1000 3290 babetur
1013 3247 1077 3304 cap.

84 3311 117 3364 st
136 3314 197 3381 quis
219 3309 264 3365 to.
287 3317 395 3380 quaest.
411 3309 448 3363 4:
461 3311 507 3364 nis
528 3309 641 3366 verbis:
670 3309 703 3364 st
718 3312 790 3380 -poir
815 3311 943 3382 meante
965 3313 1081 3366 diabolo

82 3389 113 3440 ln
127 3387 268 3441 ·0lericum
286 3390 330 3442 vel
345 3390 510 3444 Mona-ctos
529 3405 625 3444 monus
640 3387 776 3444 ‘oiobotoa
796 3391 927 3462 an’ecm't,
956 3393 1077 3445 mastic-
1135 3443 1136 3464 ἦ

83 3466 163 3514 mutis
189 3467 459 3534 vitiosissumae-eoa
510 3467 563 3527 Ati·
586 3468 818 3542 quuatcanonis
845 3469 1077 3540 intelligentiam
1135 3467 1136 3505 l

77 3535 297 3634 observandum
318 3544 463 3604 bac'vooa
481 3547 512 3598 ai
528 3545 827 3636 praesumptum&
847 3563 942 3607 omnes
964 3549 1083 3606 utrius-
