2316 3866
401 147 439 200 ii!
458 153 583 202 iodim
602 147 743 200 muts.

285 271 290 278 -

402 305 406 313 ,
436 287 507 318 *1¹⁶¹
611 310 613 318 Ι

398 384 401 392 r
443 375 448 382 ³
535 353 602 426 §1¹71

530 393 560 415 ,ο
605 393 611 408 s

83 451 88 544 J
119 461 130 548 ’γ
171 451 242 525 Qoit
263 461 397 535 opinionis
412 461 567 532 probabilia
587 461 917 544 nomiaeiatellt'pendatn
937 463 987 514 ait.

135 599 200 654 Duo
216 599 283 652 *hie
311 597 397 652 nobis
426 595 702 666 explicandarum
731 596 756 651 1.
790 594 864 666 quid
892 597 934 652 sit
959 597 1097 666 opinio,

74 678 113 734 a«
125 684 268 750 quaenam
283 674 396 746 opinio*
411 675 524 730 centeri
545 675 650 731 debeat
669 675 841 746 probabilis.

136 749 221 826 Quod
242 755 279 810 ad
298 756 426 826 primum
448 761 568 825 spectat,
590 756 708 810 nomine
725 756 872 825 opinionis
894 754 979 808 nihil
1003 755 1094 810 aliud

77 853 94 891 a
116 836 273 907 'l'iteoioffl's
292 833 483 906 inteliigitur,
513 839 599 904 quam
620 848 753 888 assensus
773 835 910 900 rationis,
932 835 1031 888 altori
1056 851 1099 890 ex

78 915 200 972 dnobus
211 912 459 986 propositionibus
481 913 644 988 contrariis,
666 914 714 967 vei
731 913 972 968 contradictoriis
988 914 1098 986 datus,

76 989 141 1052 curn
163 994 263 1065 aitqua
282 993 440 1048 iotraidiue
459 991 591 1062 oppositi
614 993 788 1064 conjunctis
830 1011 834 1020 ·

136 1071 253 1128 Dicitur
265 1085 391 1128 ememus
411 1079 443 1127 ut
462 1087 481 1125 a
502 1068 684 1130 dubitatione
698 1072 902 1144 dietiugtatur,
916 1087 1009 1142 quae
1028 1076 1099 1130 ani-

76 1169 155 1208 mum
176 1133 268 1208 veluti
291 1168 460 1230 suspensum
482 1157 568 1232 tenet,
591 1167 644 1206 uec
665 1153 696 1253 in
718 1153 893 1242 alterutram
891 1161 1020 1222 partem
1046 1156 1099 1209 in·

77 1233 198 1288 clintone·
209 1233 291 1288 sinit.
366 1263 369 1270 Δ
468 1257 470 1265 ,
512 1266 515 1274 »
650 1241 653 1253 “

86 1313 274 1378 -Raoeao,
306 1312 384 1382 quio
395 1310 434 1365 ad
456 1305 623 1383 opinionem
648 1322 707 1364 non
726 1310 835 1364 ouiioit
854 1311 952 1378 prima
973 1315 1098 1368 mentis

78 1383 218 1461 operatio,
241 1405 291 1446 eeu
312 1390 439 1460 simplex
457 1389 661 1462 apprehensio,
681 1388 734 1444 sed
753 1389 913 1488 requiritur
929 1389 1098 1462 J‘udicium

80 1470 211 1548 atiqued,
232 1472 281 1524 rei·
301 1469 448 1526 discursus
464 1471 600 1526 rationis.

94 1551 229 1604 ·Dotas
257 1552 339 1604 citeri
368 1565 401 1602 ea
427 1548 532 1604 mato
553 1549 786 1640 propositionibus
816 1549 984 1614 memoriis,
1016 1551 1101 1620 quia

80 1627 180 1698 opinio
202 1625 272 1683 fucit
292 1641 404 1698 sempor
422 1630 602 1699 propendere
622 1628 749 1682 animum
769 1628 800 1681 in
823 1629 998 1683 alterutram
1021 1645 1098 1700 par-

79 1715 157 1774 tomi
189 1707 262 1760 alias
284 1708 309 1760 si
330 1723 486 1776 suspensus
507 1715 634 1764 maneret
654 1709 742 1762 inter
738 1714 916 1818 utramque,
933 1705 1005 1778 jam
1031 1726 1098 1764 non

80 1785 219 1887 opinans,
240 1785 292 1839 sed
315 1781 451 1841 dubitans
474 1787 626 1844 diceretur.

107 1865 209 1919 Gaetu
222 1864 373 1935 fotmidiue
394 1868 510 1938 oppeciit
528 1869 689 1936 conjunctae,
712 1867 781 1936 quia
803 1867 829 1920 ai
848 1867 932 1920 nulla
952 1867 1097 1924 formido

80 1946 196 2012 inesset,
219 1945 270 1998 sed
291 1945 466 2002 omnimoda
479 1945 639 2012 certitudo,
654 1953 723 2002 tuuc
743 1956 800 2000 non
822 1954 896 2004 esset
914 1945 1039 2016 opinio,
1064 1955 1099 2004 et

78 2023 252 2094 siquidem
280 2025 423 2083 certitudo
450 2026 652 2081 iila-oritetur
680 2037 715 2082 ex
740 2025 897 2096 principiis
927 2025 1023 2093 veris,
1057 2043 1097 2082 ae

70 2111 158 2170 ¹certo
183 2112 211 2158 et
238 2104 367 2159 evidenti
396 2104 654 2170 demonstratione,
683 2109 753 2158 tunc
781 2114 854 2160 esset
880 2106 1029 2174 scientiae
1065 2109 1094 2162 si

81 2197 118 2238 ex
137 2184 294 2255 principiis
316 2183 413 2253 iaicis,
434 2200 516 2240 error
535 2185 583 2238 vei
604 2183 761 2240 obstinatio
784 2183 936 2239 diceretur.
961 2203 964 2208 ¹

122 2295 124 2302 ·
141 2261 225 2328 Quod
246 2270 356 2332 spectat
376 2263 415 2318 ad
436 2264 619 2329 secundum,=
632 2261 707 2316 duae
729 2270 795 2316 suut
815 2264 994 2333 praecipuae
1017 2280 1095 2320 con-

81 2337 221 2408 ditiones,
251 2355 324 2412 quae
343 2343 382 2396 ad
402 2339 627 2401 conciliandam?
646 2343 779 2412 opinioni
803 2343 894 2398 alicui
915 2342 1093 2412 probabili·

81 2426 168 2476 tatem
190 2423 383 2492 requiruntur.

143 2499 239 2558 Prima
261 2511 312 2567 est,
334 2508 444 2554 utnon
466 2507 606 2571 repugnet
627 2508 676 2555 aut
697 2499 868 2574 veritatibus
890 2499 926 2553 ab
947 2499 1093 2560 Ecclesia

82 2581 220 2650 receptis,
250 2587 299 2634 aut
321 2579 450 2634 evidenti
472 2579 594 2646 rationi,
607 2594 713 2650 neque
736 2581 822 2634 etiam
844 2587 948 2640 temere
967 2590 1092 2638 contra·

82 2657 161 2712 dicat
181 2659 327 2714 communi
349 2666 377 2714 et
396 2668 530 2732 receptae
550 2659 764 2730 Theologorum
785 2658 943 2714 doctrinae.

142 2738 284 2805 Secunda,
307 2745 339 2794 ut
360 2737 440 2794 firmo
463 2740 562 2810 aliquo
583 2739 769 2793 fundamento
790 2739 951 2807 innitatur3
969 2785 971 2792 ,
987 2755 1091 2811 neque

82 2815 159 2868 enim
180 2817 289 2880 sufficit
311 2818 348 2874 cd
368 2820 423 2874 hoc
443 2825 475 2874 ut
496 2817 662 2890 probabilis
677 2818 837 2888 judicetur,
863 2819 943 2888 quod
959 2820 1093 2876 veritati

82 2893 202 2950 minime
224 2895 409 2964 adversetur,
423 2899 474 2952 sed
495 2907 657 2968 praetereo
660 2898 852 2954 necessarium
875 2905 927 2964 est,
949 2906 983 2954 ut
1002 2901 1093 2968 prin-

81 2971 177 3066 aipiis
189 2973 365 3042 quibusda-m
386 2978 502 3032 veritati
518 2978 730 3034 consentaneis
752 2976 903 3069 fulcietur,
932 2977 1014 3046 quod
1037 2980 1093 3036 fiet

79 3053 119 3108 si
126 3052 222 3109 aulida
241 3053 344 3124 alique
364 3053 483 3144 ratione,
506 3064 556 3112 aut
568 3057 745 3118 authoritate
757 3057 840 3182 graui
858 3063 886 3112 et
895 3054 972 3111 Fide
990 3057 1092 3129 digna

79 3134 184 3188 innixa
205 3133 249 3188 sit.
729 3169 733 3182 ι

98 3211 280 3280 Quaeres,
310 3227 450 3284 quaenam
478 3215 638 3306 puteoritae
658 3215 707 3268 ita
721 3177 817 3286 gravis
840 3222 869 3268 et
889 3215 962 3272 Fide
992 3177 1087 3286 digua

82 3294 193 3349 censeri
210 3292 331 3360 debeat,
361 3302 393 3348 ut
412 3293 592 3362 opinionem
608 3294 758 3364 aliquem
756 3295 877 3350 eiicere
901 3295 995 3365 possit
1015 3309 1089 3365 pro·

79 3366 219 3424 habilem
262 3372 333 3425 Sunt
362 3373 413 3441 qui
441 3380 549 3426 certum
578 3373 722 3443 quendam
746 3374 913 3430 Doctorum
928 3389 1089 3430 numerum

84 3444 217 3512 exigunt,
245 3457 277 3502 ιιι
304 3450 421 3505 illorum
451 3451 609 3505 authoritas
637 3452 704 3509 talis
733 3457 819 3546 queat
845 3454 1022 3520 existimari,
1055 3463 1088 3508 et

79 3520 134 3573 alii
158 3523 273 3590 quidem
296 3528 394 3594 plures
416 3528 574 3599 requirunt,
597 3532 649 3585 alii
664 3533 834 3601 pauciores:
864 3531 943 3603 quod
961 3532 1088 3604 quidem
