2282 3876
288 125 341 218 xnn
354 174 507 228 ,ιιοιιιιι
524 173 714 224 munerata.
947 163 1006 233 iili

18 295 141 350 marinae
163 293 325 351 necessaria
354 293 522 366 seligemus,
549 295 725 368 majorisque
754 298 910 355 facilitatis·
923 303 1014 370 gratia

16 374 191 444 praeponitis
210 373 323 443 aliquot
344 375 573 444 quaestiunculis
594 376 817 446 explicabimna

240 655 259 660 ..
292 591 682 676 QUAESTIUNOULA
708 595 735 660 Ι.

242 715 403 790 cutm
428 716 603 774 ιιιιιιιιιιι
627 717 788 774 matur.

69 847 95 902 i.
130 847 186 902 Ad
206 849 416 910 restitutionem
437 845 600 903 taciendam
621 846 768 919 obligatur
788 852 882 920 primo
903 853 939 920 is,
960 855 1012 924 qui

11 927 114 997 injusta
138 943 203 982 rem
225 928 349 988 alienam
365 926 487 995 accepit,
508 927 554 980 vel
574 923 627 996 qui
649 926 756 998 injuste
774 930 862 986 alteri
877 931 1013 991 damnum

13 1008 123 1074 intulit,
140 1005 249 1076 idque
271 1022 327 1060 non
350 1005 436 1062 modo
458 1021 521 1060 cunr
543 1021 597 1074 per
617 1021 660 1072 sc,
690 1007 740 1062 aed
767 1010 853 1064 etiam
875 1027 940 1066 cum
961 1027 1013 1082 per

11 1088 82 1142 alica
96 1087 165 1142 aive
183 1083 302 1152 directe,
323 1085 385 1140 aive
399 1084 541 1140 indirecte
556 1083 765 1156 repraestitit:
798 1089 877 1158 quoti
893 1093 920 1148 s.
937 1092 1013 1148 Tho-

11 1183 67 1219 maa
89 1182 142 1238 qu.
170 1164 215 1219 62.
245 1174 296 1219 art.
320 1163 338 1219 6
361 1172 389 1218 et
410 1164 435 1218 7.
459 1164 556 1231 docet,
586 1179 670 1233 posse
698 1166 761 1238 tieri
788 1183 891 1224 novena
916 1171 1011 1238 modia

10 1262 70 1316 sup.
94 1244 124 1318 s.
153 1245 200 1301 11.
222 1246 325 1302 citatis.
440 1299 442 1306 ,
628 1307 631 1314 ⁴

68 1327 161 1380 Circa
176 1339 262 1396 ¹quoa
290 1331 367 1382 recte
394 1323 530 1378 observat
550 1323 687 1378 Valentia
707 1323 783 1396 disp.
805 1327 838 1388 5.,
855 1341 903 1396 qu.
927 1327 954 1382 b.
977 1329 1012 1384 tle
1086 1385 1089 1390 ,

10 1407 98 1458 rectit.
122 1413 226 1474 punct.
249 1403 276 1460 3.
300 1403 357 1464 duo
386 1403 495 1472 requiri
523 1402 561 1457 cti
590 1403 779 1462 restitutionis
805 1403 1012 1477 obligationem
1040 1399 1055 1464 .’

8 1481 229 1540 inducendam:
245 1507 247 1514 ·
263 1482 288 1536 i.
314 1491 345 1536 ut
373 1483 473 1536 ellectu
501 1483 565 1552 ipso
595 1497 639 1536 rea
667 1483 764 1538 aliena
791 1485 879 1543 tuerit
904 1484 1012 1556 injuste

8 1565 122 1630 ablata,
157 1569 207 1616 aut
228 1561 363 1619 damnum
384 1560 492 1633 injuste
518 1562 654 1625 illaturu3
686 1560 713 1616 2.
742 1571 780 1621 nt.
802 1565 867 1634 quia
896 1581 1011 1622 causam

7 1644 145 1715 injustae·
165 1641 244 1698 illius
270 1641 425 1702 ablationis
454 1653 503 1699 aut
530 1639 772 1698 damnificetionia
800 1659 867 1698 vere
890 1643 1012 1714 dederit,
1057 1691 1061 1702 ,

7 1725 70 1777 aive
93 1719 210 1778 directe
230 1721 376 1791 justione,
406 1720 542 1790 consilio,
574 1735 730 1790 concensu,
759 1721 942 1790 adulatione,
970 1741 1014 1785 re·

8 1819 107 1868 cursu,
132 1801 361 1872 participatione
375 1800 463 1854 alium
486 1799 522 1854 ad
544 1800 576 1870 iti
596 1800 638 1853 ita
657 1801 833 1873 inducendo,
855 1813 886 1858 ut
905 1807 1014 1876 reipsa
1048 1853 1050 1860 .

7 1891 133 1952 propter
148 1879 318 1952 hujusmodi
335 1878 506 1952 jussionem,
528 1879 681 1947 consilium
698 1889 815 1939 etc.1ce
837 1884 932 1938 aliena
954 1886 1014 1952 ibe·
1054 1945 1057 1958 ἵ

8 1964 43 2016 rit
66 1961 185 2032 injusta
206 1959 314 2024 ablata,
336 1966 387 2012 aut
405 1959 540 2016 damnum
561 1959 687 2026 illatum,
710 1962 770 2016 sive
792 1961 933 2018 indirecte
954 1980 1014 2032 non
1044 2001 1052 2010 »

6 2040 161 2096 obstando
183 2055 216 2092 ac
236 2038 440 2108 impediendo,
469 2037 586 2109 quando
614 2039 729 2093 scilicet
749 2039 786 2097 ad
807 2040 839 2093 id
860 2057 895 2096 ex
916 2043 1014 2100 cilicio
1118 2071 1120 2079 ν

5 2130 36 2176 et
46 2119 174 2194 justitia
187 2113 353 2185 tenebatur,
369 2125 400 2172 ut
422 2116 505 2173 docet
520 2118 546 2173 S.
563 2118 688 2174 'ihomas
703 2134 765 2188 sup.
786 2127 840 2173 art.
858 2120 883 2174 7.
906 2121 944 2174 ad
965 2121 992 2176 3.
1084 2133 1086 2138 ·

70 2198 211 2268 Quodsi
234 2198 333 2267 plures
361 2197 448 2252 simul
473 2205 646 2252 concurrant
666 2197 703 2252 ad
725 2213 810 2254 unam
839 2207 867 2254 et
893 2199 1014 2269 eandem

4 2279 158 2351 injustam
188 2279 346 2342 actionem,
378 2284 410 2332 ut
441 2277 477 2330 ad
507 2277 691 2346 spoliandam
723 2279 771 2331 vel
802 2278 1013 2339 incendendam

5 2360 148 2424 domurn,
169 2365 239 2412 tunc
253 2356 378 2427 quilibet
398 2354 515 2414 illorum
535 2365 646 2412 tenetur
666 2357 699 2410 in
718 2355 845 2412 solidum
868 2358 905 2413 ad
926 2361 1013 2418 totiua
1099 2404 1103 2408 ,

2 2439 116 2494 damni
141 2437 420 2505 compensationem,
449 2437 519 2510 quia
545 2436 591 2504 (ut
612 2451 648 2492 ex
670 2435 805 2508 Gajctano
827 2445 855 2490 et
875 2438 942 2492 aliis
964 2438 1014 2505 ad·

1 2527 95 2574 notat
109 2512 262 2586 Valentia)
286 2515 411 2585 quilibet
431 2521 499 2570 tunc
520 2523 562 2577 eat
584 2531 670 2574 causa
684 2517 771 2571 totiua
786 2510 893 2584 damni,
917 2532 1015 2587 quarn-
1037 2570 1042 2578 ,

1 2600 54 2653 vis
79 2596 265 2662 noneolas,
297 2595 348 2666 qai
370 2596 447 2649 eninr
461 2611 519 2650 una
540 2611 605 2650 cum
620 2595 678 2652 alio
694 2595 809 2666 aliquid
829 2597 927 2664 eflicit,
948 2611 1014 2652 vera
1050 2665 1053 2670 Ι

3 2676 91 2734 illud
114 2675 231 2730 efficere
252 2682 392 2731 censetur.
943 2727 946 2734 ,

73 2754 164 2824 Quod
185 2755 211 2808 si
232 2769 305 2808 unus
327 2755 444 2809 illorum
466 2753 602 2808 damnum
623 2755 738 2810 illatum
762 2755 925 2820 resarciret,
954 2769 1013 2810 uon

5 2837 147 2906 amplius
167 2833 366 2904 obligarentur
387 2834 440 2886 alii
461 2833 500 2887 ad
520 2833 730 2894 restitutionem
752 2847 819 2904 erga
839 2834 941 2902 illum,
963 2836 1015 2907 qui

5 2917 157 2972 damnum
176 2929 279 2984 pascua
304 2921 359 2980 cat,
375 2911 438 2986 ‚aed
466 2913 663 2982 unusquisque
691 2919 834 2982 teneretur
862 2915 1015 2974 refundere

13 3011 67 3051 ro
89 3000 156 3049 rata
176 3001 329 3063 auanartc
342 2994 388 3060 ci,
410 2994 460 3062 qui
482 2999 573 3055 totum
595 2989 730 3046 damnum
752 2996 959 3066 compensavit,
981 3001 1014 3049 ut
1096 3031 1102 3040 .

9 3081 101 3132 ·occt
125 3074 155 3129 S.
176 3073 300 3126 Thomas
321 3087 410 3142 cupra
429 3071 468 3132 ad
485 3069 514 3128 ’2.
585 3125 587 3130 ,
942 3083 944 3092 “
998 3139 999 3146 ¹

73 3152 104 3208 2.
151 3151 306 3224 Obligatur
326 3150 353 3206 2.
383 3149 420 3205 cd
447 3149 657 3206 restitutionem
677 3152 716 3218 is,
746 3153 796 3223 qui
818 3169 878 3208 rem
905 3151 1013 3222 injuste

1 3237 168 3303 acceptam
190 3229 269 3301 apud
291 3245 320 3284 ιο
340 3229 440 3297 hahet,
464 3230 524 3284 aive
545 3229 623 3284 bona
643 3229 729 3297 Fide,
751 3233 813 3286 'aive
834 3231 916 3294 mala·
930 3230 1013 3285 illam
1068 3225 1071 3230 ’

28 3313 146 3367 abeat:
179 3327 203 3364 a.
226 3328 252 3382 g.
275 3311 300 3364 si
322 3310 391 3380 quia
414 3320 520 3380 equum
547 3311 622 3363 furto
651 3310 780 3366 ablatum
808 3318 883 3364 emat
904 3326 922 3362 a
942 3312 1015 3374 ture,

2 3393 114 3447 aciens
138 3388 280 3460 ejusmodi
308 3405 413 3460 equum
441 3404 502 3443 οιιο
529 3388 681 3455 furtivum,
712 3388 820 3444 dicitur
845 3390 922 3443 mala
942 3389 1014 3442 Fide
1070 3387 1073 3394 '

1 3467 191 3542 possidere,
225 3470 250 3522 ei
272 3477 365 3524 autern
387 3469 497 3522 neacict
525 3483 585 3523 enee
608 3469 760 3532 furtivum,
791 3484 845 3524 nec
865 3468 927 3540 ejus
948 3485 1018 3524 ven-

4 3552 145 3606 ditorem
167 3563 228 3602 ιιιο
251 3549 357 3614 iurem,
384 3555 451 3603 tunc
471 3547 550 3602 bona
569 3534 642 3603 liitic
663 3548 809 3622 possidere
831 3548 957 3607 dicitur:
990 3557 1018 3604 ct

58 3643 263 3708 ιιιιιμιιιιιιι
278 3635 408 3694 ιιιιιοςιι.
438 3641 464 3681 ιι.
814 3624 851 3690 31
