2316 3866
122 120 186 193 338
250 113 252 120 ’
517 131 706 192 nanaurana
765 189 773 205 .

122 259 238 332 gationa
259 255 398 328 generali,
420 269 507 326 quam
524 269 625 312 aecum
644 254 695 309 lan
714 253 843 309 bumana
862 267 974 322 aenrper
996 251 1121 318 invenit,

123 354 158 394 eo
179 337 243 406 ipao
266 332 344 406 qaod
364 335 414 390 lox
442 341 507 408 eat„
527 340 558 388 ut
578 349 615 386 ex
642 339 708 387 ante
737 331 824 386 (lictis
853 338 983 399 constat-3
1018 333 1070 386 vel
1091 331 1123 386 de

124 415 304 488 obligatione
324 413 503 484 particulari,
525 427 582 482 qua
603 405 875 482 subditua'quiaque
896 409 934 464 ad
949 409 1036 465 illiue
1051 411 1122 482 legis

124 493 355 550 observationem
370 499 491 559 tenetur,
513 491 555 547 ita
574 497 613 558 ut,
635 491 661 544 ai
680 496 779 547 contra
792 490 877 544 illam
892 489 987 558 faeiat,
1012 500 1121 558 peccet.

126 575 157 629 Si
178 574 319 644 primum,
348 570 502 632 dicendum
523 577 578 636 est,
607 569 700 641 legem
721 568 852 640 obligare
879 567 1028 638 incipere,
1058 584 1121 624 eum

124 653 303 710 auiieienter
324 666 357 705 ae
372 647 469 708 debite
482 647 665 718 promulgata
685 645 747 714 eat}
779 653 848 702 tune
868 655 963 701 autem
978 647 1121 702 sufficien-

127 739 171 786 ter
191 747 226 786 ao
246 729 344 788 debite
363 728 546 800 promulgata
565 733 697 800 censetur
710 725 875 794 ,secundum
894 725 1119 796 probabiliorem

125 809 338 885 Theologorum
359 806 540 876 senteutiam,
562 821 625 861 oum
643 807 678 868 iu¹
696 801 790 886 i'paius
803 800 946 880 principis
962 806 1046 862 ouria
1057 821 1120 875 pru

127 889 255 960 mulgata
277 893 332 952 eat,
355 885 394 940 'ut
414 884 520 942 docent
541 885 701 955 sylvester,
729 885 827 951 Solus,
848 879 1014 952 Novanus„
1036 885 1120 952 Aaou,
1154 929 1155 938 ,

124 968 228 1024 Suares
250 972 279 1020 et
305 965 358 1020 alil
379 963 459 1035 apud
481 965 681 1036 Laymannuna
709 972 788 1022 tract.
811 963 839 1016 4.
861 962 898 1018 tle
918 963 985 1036 [ug.
1011 979 1077 1034 cap.
1099 963 1122 1018 2.

124 1045 204 1116 quod
224 1051 317 1122 tamen
338 1042 562 1118 intelligendum
584 1050 636 1110 est,
661 1041 751 1099 salvia
772 1057 925 1114 regnorum
947 1058 980 1097 ao
1002 1043 1122 1112 provin·

123 1123 235 1180 ciarum
257 1121 529 1193 consuetudinibus,
558 1137 608 1176 sau
624 1119 742 1194 juribus
771 1129 820 1175 aut
840 1119 1005 1198 privilegiis
1029 1123 1122 1194 speci·

126 1199 237 1272 atibus,
266 1219 339 1276 quae
360 1201 507 1257 interdum
532 1201 760 1274 requiruutjnou
780 1199 812 1254 in
833 1215 890 1257 uno
913 1201 991 1270 eolo,
1020 1199 1074 1256 aed
1095 1203 1125 1254 in
1155 1224 1156 1280 ἕ

125 1283 226 1338 multia
247 1289 275 1336 et
297 1282 385 1337 variis
406 1282 479 1338 locis
499 1283 596 1354 logum
618 1277 879 1354 promulgationem
900 1279 974 1350 fieri,
996 1287 1029 1335 ut
1050 1288 1126 1336 reete
1155 1285 1156 1290 ’

127 1368 226 1418 monet
247 1362 332 1416 Sotae
352 1360 405 1415 lib.
431 1357 456 1418 l,
479 1359 515 1415 de
532 1357 603 1430 just.
627 1366 656 1414 et
671 1354 729 1432 jur.
753 1366 862 1428 quaest.
886 1355 912 1414 i.
934 1365 985 1416 art.
1011 1358 1040 1412 4.

192 1437 222 1496 Si
243 1456 311 1496 vero
333 1437 497 1506 secundum,
518 1437 551 1492 id
572 1445 623 1506 est,
645 1437 671 1493 ai
693 1436 823 1508 quaestio
845 1438 882 1492 ait
897 1435 932 1496 de
947 1437 1126 1511 obligatione

50 1583 54 1590 .
126 1519 269 1591 oujmqne
289 1515 474 1590 particularis
502 1516 540 1572 ad
561 1517 653 1590 legem
681 1516 875 1596 servandam,v
894 1511 1053 1572 dicendum
1076 1525 1124 1584 eat
1156 1574 1157 1595 χ

128 1597 167 1654 ad
186 1599 243 1652 hoo
263 1599 385 1668 requiri,
413 1604 445 1652 ut
465 1596 515 1650 lex
537 1597 574 1650 ad
594 1596 677 1650 illius
698 1596 831 1652 notitiam
853 1595 980 1662 venerit,
1008 1603 1059 1652 aut
1081 1613 1125 1651 ve-
1156 1631 1157 1634 =

130 1676 194 1730 nire
214 1675 361 1744 potnerit;
393 1673 519 1744 alioqui,
547 1673 688 1746 quamdiu
715 1675 800 1728 talem
829 1675 921 1748 lege-m
948 1676 1042 1730 latam
1066 1691 1124 1730 esre

128 1752 342 1809 invincibiliter
363 1754 547 1826 ignoraverit,
570 1753 607 1808 ad
627 1755 711 1810 illam
728 1753 899 1808 servandam
913 1753 1035 1810 minime
1050 1762 1124 1808 tene·

128 1831 221 1900 bitur,
238 1837 343 1902 'neque
365 1849 426 1906 eam
448 1827 685 1906 transgrediendo
713 1831 859 1904 peccabit,
887 1841 920 1896 ut
945 1833 1052 1888 docent
1071 1831 1124 1890 Na-

129 1926 245 1981 uarrus,
275 1913 373 1985 sotus,
400 1911 531 1984 Vosques
560 1919 587 1966 et
613 1913 712 1984 plures
741 1911 793 1970 alii
821 1909 900 1982 apud
922 1914 1123 1984 Laymannum

129 2005 235 2062 supra:
269 1990 347 2062 quod
368 1992 454 2047 etiam
469 1991 633 2046 declaratur
654 1993 684 2046 in
706 1999 787 2046 sexto
805 2007 868 2062 cap.
893 1989 918 2046 1.
941 1989 979 2044 (le
1000 2007 1123 2048 concess.

130 2067 287 2141 praebend.
310 2068 363 2125 nbi
384 2069 506 2137 dicitur,'
522 2071 601 2142 quoti
624 2069 666 2124 ica
686 2060 734 2124 aaa
754 2073 905 2124 constitutio
926 2080 952 2124 et
972 2073 1123 2126 mundatum

131 2151 218 2203 aulica
239 2151 398 2220 uatriupaut,
421 2151 475 2203 uici
483 2159 628 2222 postquam
642 2151 679 2204 od
693 2149 816 2204 notitiam
825 2152 1000 2220 pervenerint
1023 2167 1124 2206 eorum·

131 2229 205 2293 dem,
228 2237 276 2282 out
297 2231 350 2284 aa'at'
364 2237 430 2302 poet
451 2239 564 2300 tempto,
595 2229 670 2300 iufra
696 2231 768 2301 quod
795 2229 918 2300 iquorori
943 2231 1053 2284 minime
1080 2232 1124 2284 de-

135 2307 262 2360 oaorem.
337 2351 340 2356 .
538 2308 542 2318 '

191 2387 218 2441 5.
254 2385 407 2452 Quaeritur
428 2385 456 2441 6.
478 2401 513 2440 an
528 2393 641 2459 praeter
662 2387 756 2456 ipsius
777 2387 852 2457 legis
866 2383 1122 2459 promulgationem

128 2465 291 2520 necessaria
311 2466 350 2520 sit
369 2465 498 2535 ejusdem
519 2467 679 2536 acceptatio
702 2481 718 2520 a
739 2465 865 2538 subditis
887 2467 979 2535 iacta,
1003 2467 1044 2522 ad
1063 2467 1120 2530 hoo,

131 2550 164 2598 ut
184 2543 337 2617 obligandi
358 2546 418 2597 vim
438 2542 552 2599 babeat
589 2545 670 2616 Duae
689 2552 758 2600 aunt
778 2547 938 2618 superbae
960 2546 1121 2616 quaestione

132 2621 345 2696 Theologorum
360 2624 518 2678 sententiae
531 2641 549 2674 ι,
569 2623 687 2695 quidam
705 2624 790 2690 enim,
811 2631 845 2679 ut
857 2623 963 2695 Major,
984 2623 1121 2679 Navarrus

82 2741 84 2744 -
132 2709 160 2754 et
180 2703 236 2757 alii
256 2703 333 2772 apud
351 2703 551 2774 Laymannum
572 2719 636 2776 nup.
658 2719 721 2776 cap.
743 2703 771 2758 3.
792 2705 999 2760 ,affirmativam
1019 2711 1121 2776 partem

132 2781 359 2851 amplectuntur,
388 2789 590 2859 asperumque,
619 2781 747 2849 adhoc,
777 2789 808 2837 ut
828 2784 878 2838 lex
907 2783 967 2838 vim
993 2790 1021 2838 et
1040 2782 1120 2838 robur

64 2875 65 2878 ¹
131 2871 215 2926 suum
236 2859 354 2929 habeat,
377 2863 499 2932 requiri,
527 2868 560 2915 ut
581 2876 598 2913 a
618 2859 721 2931 majori
741 2868 823 2933 parte
844 2863 1061 2917 communitatis
1081 2875 1120 2918 ao·

131 2941 277 3012 captetur,
309 2939 356 2992 vel
385 2941 485 2995 saltem
513 2948 545 2994 ut
573 2954 629 2994 non
658 2939 838 3016 improbetur
867 2941 917 2994 vel
949 2940 1118 3012 repudietur.

128 3013 193 3070 Alii
214 3021 314 3070 eontra
328 3025 433 3088 negant
446 3021 538 3092 legem
554 3035 569 3072 a
584 3019 687 3092 populi
707 3021 903 3092 acceptatione
918 3021 1057 3090 pendere,
1078 3017 1120 3074 sel

128 3095 189 3148 vim
211 3102 237 3150 et
266 3094 354 3151 robur
381 3111 464 3152 suum
493 3099 623 3170 accipere
644 3115 660 3152 a
680 3099 812 3168 legitima
839 3099 1013 3155 authoritate
1043 3100 1121 3170 legia·

128 3176 239 3230 latoris.
282 3175 326 3230 Ita
346 3169 430 3231 Joan.
452 3177 583 3248 Medipa,
612 3175 762 3246 Valentia,
792 3180 893 3233 suares
915 3179 1020 3234 etalii
1050 3175 1121 3248 apud

129 3255 329 3328 Laymannunr
350 3257 453 3326 a'upra,
483 3272 604 3327 quorum
632 3255 775 3312 sententia
802 3256 988 3328 probabilior
1012 3257 1121 3312 ridetur

129 3347 199 3397 ease,
222 3339 249 3386 et
270 3335 300 3388 in
321 3335 408 3404 praxi
430 3335 562 3402 tenenda,
585 3342 612 3388 et
634 3337 768 3406 quamvis
781 3337 873 3406 priori
888 3339 1048 3394 sententiae
1063 3342 1120 3390 tan-

130 3423 216 3475 quam
237 3411 387 3483 probabili
415 3414 501 3468 vellet
527 3414 593 3484 quis
622 3414 791 3482 adhaerere,
821 3417 905 3472 fateri
934 3417 1120 3471 nihilominus

130 3481 255 3555 deberet,
276 3505 398 3558 peccare
419 3491 549 3546 subditos
570 3492 663 3564 legem
683 3495 828 3566 principis
845 3494 953 3568 justam
976 3502 1120 3566 acceptare
