<?xml version="1.0" encoding="UTF-8"?>
<!DOCTYPE html PUBLIC "-//W3C//DTD XHTML 1.0 Transitional//EN"
    "http://www.w3.org/TR/xhtml1/DTD/xhtml1-transitional.dtd">
<html xmlns="http://www.w3.org/1999/xhtml" xml:lang="en" lang="en">
 <head>
  <title>
</title>
<meta http-equiv="Content-Type" content="text/html;charset=utf-8" />
  <meta name='ocr-system' content='tesseract 3.04.00' />
  <meta name='ocr-capabilities' content='ocr_page ocr_carea ocr_par ocr_line ocrx_word'/>
</head>
<body>
  <div class='ocr_page' id='page_1' title='image "./medullatheologi00abelgoog_0259.png"; bbox 0 0 2360 3862; ppageno 0'>
   <div class='ocr_carea' id='block_1_1' title="bbox 25 8 28 126">
    <p class='ocr_par' dir='ltr' id='par_1_1' title="bbox 25 8 28 184">
     <span class='ocr_line' id='line_1_1' title="bbox 25 8 28 126; baseline 0 38"><span class='ocrx_word' id='word_1_1' title='bbox 25 8 28 126; x_wconf 71' lang='lat' dir='ltr'><strong>i</strong></span> 
     </span>
    </p>
   </div>
   <div class='ocr_carea' id='block_1_2' title="bbox 180 153 806 222">
    <p class='ocr_par' dir='ltr' id='par_1_2' title="bbox 180 153 806 222">
     <span class='ocr_line' id='line_1_2' title="bbox 180 153 806 222; baseline -0.018 1"><span class='ocrx_word' id='word_1_2' title='bbox 180 153 245 222; x_wconf 71' lang='grc'><strong>254</strong></span> <span class='ocrx_word' id='word_1_3' title='bbox 549 169 588 214; x_wconf 74' lang='lat' dir='ltr'><strong>ua</strong></span> <span class='ocrx_word' id='word_1_4' title='bbox 608 168 806 216; x_wconf 69' lang='lat' dir='ltr'><strong>arumnorum.</strong></span> 
     </span>
    </p>
   </div>
   <div class='ocr_carea' id='block_1_3' title="bbox 181 288 1153 2348">
    <p class='ocr_par' dir='ltr' id='par_1_3' title="bbox 182 288 1150 442">
     <span class='ocr_line' id='line_1_3' title="bbox 182 288 1133 356; baseline -0.009 -8"><span class='ocrx_word' id='word_1_5' title='bbox 182 293 285 356; x_wconf 69' lang='lat' dir='ltr'><strong>nun,</strong></span> <span class='ocrx_word' id='word_1_6' title='bbox 314 307 406 346; x_wconf 74' lang='lat' dir='ltr'><strong>cerunt</strong></span> <span class='ocrx_word' id='word_1_7' title='bbox 433 290 514 344; x_wconf 81' lang='lat' dir='ltr'><strong>atton</strong></span> <span class='ocrx_word' id='word_1_8' title='bbox 541 288 745 344; x_wconf 64' lang='lat' dir='ltr'><strong>Sammonion</strong></span> <span class='ocrx_word' id='word_1_9' title='bbox 766 289 806 342; x_wconf 88' lang='lat' dir='ltr'><strong>ito</strong></span> <span class='ocrx_word' id='word_1_10' title='bbox 826 290 1030 354; x_wconf 67' lang='lat' dir='ltr'><strong>mandatur,</strong></span> <span class='ocrx_word' id='word_1_11' title='bbox 1054 297 1076 340; x_wconf 85' lang='lat' dir='ltr'><strong>ot</strong></span> <span class='ocrx_word' id='word_1_12' title='bbox 1095 303 1133 340; x_wconf 85' lang='lat' dir='ltr'><strong>cor</strong></span> 
     </span>
     <span class='ocr_line' id='line_1_4' title="bbox 183 369 1150 442; baseline -0.007 -16"><span class='ocrx_word' id='word_1_13' title='bbox 183 373 263 431; x_wconf 80' lang='lat' dir='ltr'><strong>iicsut</strong></span> <span class='ocrx_word' id='word_1_14' title='bbox 283 372 342 425; x_wconf 81' lang='lat' dir='ltr'><strong>uiro</strong></span> <span class='ocrx_word' id='word_1_15' title='bbox 362 385 470 424; x_wconf 69' lang='lat' dir='ltr'><strong>uxorem</strong></span> <span class='ocrx_word' id='word_1_16' title='bbox 489 369 806 424; x_wconf 65' lang='lat' dir='ltr'><strong>manutentorem</strong></span> <span class='ocrx_word' id='word_1_17' title='bbox 1079 431 1086 442; x_wconf 31' lang='lat'><strong><em>‘</em></strong></span> <span class='ocrx_word' id='word_1_18' title='bbox 1149 413 1150 428; x_wconf 55' lang='lat'><strong>,</strong></span> 
     </span>
    </p>

    <p class='ocr_par' dir='ltr' id='par_1_4' title="bbox 181 446 1135 679">
     <span class='ocr_line' id='line_1_5' title="bbox 243 446 1134 521; baseline -0.01 -15"><span class='ocrx_word' id='word_1_19' title='bbox 243 451 315 506; x_wconf 81' lang='lat' dir='ltr'><strong>Cum</strong></span> <span class='ocrx_word' id='word_1_20' title='bbox 337 451 426 521; x_wconf 72' lang='lat' dir='ltr'><strong>igitur</strong></span> <span class='ocrx_word' id='word_1_21' title='bbox 447 465 483 504; x_wconf 80' lang='lat' dir='ltr'><strong>ex</strong></span> <span class='ocrx_word' id='word_1_22' title='bbox 503 447 576 502; x_wconf 83' lang='lat' dir='ltr'><strong>Fide</strong></span> <span class='ocrx_word' id='word_1_23' title='bbox 601 455 728 514; x_wconf 82' lang='lat' dir='ltr'><strong>constet,</strong></span> <span class='ocrx_word' id='word_1_24' title='bbox 758 447 972 504; x_wconf 70' lang='lat' dir='ltr'><strong>Matrimonium</strong></span> <span class='ocrx_word' id='word_1_25' title='bbox 993 463 1047 502; x_wconf 84' lang='lat' dir='ltr'><strong>esse</strong></span> <span class='ocrx_word' id='word_1_26' title='bbox 1063 446 1134 500; x_wconf 81' lang='lat' dir='ltr'><strong>Sacra·</strong></span> 
     </span>
     <span class='ocr_line' id='line_1_6' title="bbox 181 525 1135 598; baseline -0.005 -12"><span class='ocrx_word' id='word_1_27' title='bbox 181 538 325 597; x_wconf 79' lang='lat' dir='ltr'><strong>mentum,</strong></span> <span class='ocrx_word' id='word_1_28' title='bbox 347 536 375 584; x_wconf 89' lang='lat' dir='ltr'><strong>et</strong></span> <span class='ocrx_word' id='word_1_29' title='bbox 396 526 517 584; x_wconf 81' lang='lat' dir='ltr'><strong>aliunde</strong></span> <span class='ocrx_word' id='word_1_30' title='bbox 538 525 686 594; x_wconf 74' lang='lat' dir='ltr'><strong>habeatur,</strong></span> <span class='ocrx_word' id='word_1_31' title='bbox 710 536 741 582; x_wconf 89' lang='lat' dir='ltr'><strong>ut</strong></span> <span class='ocrx_word' id='word_1_32' title='bbox 762 543 851 598; x_wconf 83' lang='lat' dir='ltr'><strong>supra</strong></span> <span class='ocrx_word' id='word_1_33' title='bbox 870 528 979 584; x_wconf 87' lang='lat' dir='ltr'><strong>dictum</strong></span> <span class='ocrx_word' id='word_1_34' title='bbox 998 534 1045 594; x_wconf 79' lang='lat' dir='ltr'><strong>est,</strong></span> <span class='ocrx_word' id='word_1_35' title='bbox 1065 526 1135 580; x_wconf 69' lang='lat' dir='ltr'><strong>Sacra</strong></span> 
     </span>
     <span class='ocr_line' id='line_1_7' title="bbox 185 607 1025 679; baseline -0.005 -11"><span class='ocrx_word' id='word_1_36' title='bbox 185 618 281 668; x_wconf 84' lang='lat' dir='ltr'><strong>menta</strong></span> <span class='ocrx_word' id='word_1_37' title='bbox 301 609 486 679; x_wconf 69' lang='lat' dir='ltr'><strong>novaelegis</strong></span> <span class='ocrx_word' id='word_1_38' title='bbox 508 613 639 662; x_wconf 72' lang='lat' dir='ltr'><strong>constare</strong></span> <span class='ocrx_word' id='word_1_39' title='bbox 658 607 780 662; x_wconf 78' lang='lat' dir='ltr'><strong>materia</strong></span> <span class='ocrx_word' id='word_1_40' title='bbox 800 614 829 661; x_wconf 93' lang='lat' dir='ltr'><strong>et</strong></span> <span class='ocrx_word' id='word_1_41' title='bbox 849 609 955 664; x_wconf 85' lang='lat' dir='ltr'><strong>torma:</strong></span> <span class='ocrx_word' id='word_1_42' title='bbox 1023 659 1025 664; x_wconf 91' lang='lat'><em>.</em></span> 
     </span>
    </p>

    <p class='ocr_par' dir='ltr' id='par_1_5' title="bbox 183 683 1153 2192">
     <span class='ocr_line' id='line_1_8' title="bbox 243 683 1135 758; baseline -0.015 -12"><span class='ocrx_word' id='word_1_43' title='bbox 243 690 272 746; x_wconf 78' lang='lat'><strong>3.</strong></span> <span class='ocrx_word' id='word_1_44' title='bbox 314 683 470 755; x_wconf 79' lang='lat' dir='ltr'><strong>Quaeritur</strong></span> <span class='ocrx_word' id='word_1_45' title='bbox 485 686 510 740; x_wconf 88' lang='lat' dir='ltr'><strong>t.</strong></span> <span class='ocrx_word' id='word_1_46' title='bbox 532 701 606 756; x_wconf 81' lang='lat' dir='ltr'><strong>quae</strong></span> <span class='ocrx_word' id='word_1_47' title='bbox 627 686 665 742; x_wconf 89' lang='lat' dir='ltr'><strong>sit</strong></span> <span class='ocrx_word' id='word_1_48' title='bbox 685 685 772 758; x_wconf 86' lang='lat' dir='ltr'><strong>hujus</strong></span> <span class='ocrx_word' id='word_1_49' title='bbox 799 687 974 742; x_wconf 77' lang='lat' dir='ltr'><strong>sacramenti</strong></span> <span class='ocrx_word' id='word_1_50' title='bbox 1001 685 1099 740; x_wconf 76' lang='lat' dir='ltr'><strong>mutem</strong></span> <span class='ocrx_word' id='word_1_51' title='bbox 1116 687 1135 734; x_wconf 90' lang='lat' dir='ltr'><strong>et</strong></span> 
     </span>
     <span class='ocr_line' id='line_1_9' title="bbox 184 761 1133 838; baseline -0.012 -13"><span class='ocrx_word' id='word_1_52' title='bbox 184 771 285 825; x_wconf 68' lang='lat' dir='ltr'><strong>toraca</strong></span> <span class='ocrx_word' id='word_1_53' title='bbox 328 766 451 822; x_wconf 83' lang='lat' dir='ltr'><strong>Omissis</strong></span> <span class='ocrx_word' id='word_1_54' title='bbox 472 766 562 822; x_wconf 82' lang='lat' dir='ltr'><strong>variis</strong></span> <span class='ocrx_word' id='word_1_55' title='bbox 586 765 798 838; x_wconf 77' lang='lat' dir='ltr'><strong>Theologorum</strong></span> <span class='ocrx_word' id='word_1_56' title='bbox 820 781 907 836; x_wconf 82' lang='lat' dir='ltr'><strong>super</strong></span> <span class='ocrx_word' id='word_1_57' title='bbox 931 767 985 822; x_wconf 85' lang='lat' dir='ltr'><strong>hac</strong></span> <span class='ocrx_word' id='word_1_58' title='bbox 1008 761 1133 834; x_wconf 71' lang='lat' dir='ltr'><strong>quaestione</strong></span> 
     </span>
     <span class='ocr_line' id='line_1_10' title="bbox 183 840 1151 918; baseline -0.014 -12"><span class='ocrx_word' id='word_1_59' title='bbox 183 849 344 913; x_wconf 69' lang='lat' dir='ltr'><strong>natantiis,</strong></span> <span class='ocrx_word' id='word_1_60' title='bbox 366 843 606 916; x_wconf 71' lang='lat' dir='ltr'><strong>probabilissima</strong></span> <span class='ocrx_word' id='word_1_61' title='bbox 627 849 756 903; x_wconf 85' lang='lat' dir='ltr'><strong>omnium</strong></span> <span class='ocrx_word' id='word_1_62' title='bbox 778 845 957 912; x_wconf 74' lang='lat' dir='ltr'><strong>videnter,</strong></span> <span class='ocrx_word' id='word_1_63' title='bbox 978 858 1046 918; x_wconf 82' lang='lat' dir='ltr'><strong>qnae</strong></span> <span class='ocrx_word' id='word_1_64' title='bbox 1058 840 1151 904; x_wconf 55' lang='grc' dir='ltr'><strong>ιιιιιίι,1</strong></span> 
     </span>
     <span class='ocr_line' id='line_1_11' title="bbox 183 922 1134 995; baseline -0.011 -12"><span class='ocrx_word' id='word_1_65' title='bbox 183 928 332 982; x_wconf 87' lang='lat' dir='ltr'><strong>materiam</strong></span> <span class='ocrx_word' id='word_1_66' title='bbox 352 931 491 982; x_wconf 87' lang='lat' dir='ltr'><strong>remotam</strong></span> <span class='ocrx_word' id='word_1_67' title='bbox 512 924 694 980; x_wconf 87' lang='lat' dir='ltr'><strong>Matrimonii</strong></span> <span class='ocrx_word' id='word_1_68' title='bbox 718 939 778 979; x_wconf 88' lang='lat' dir='ltr'><strong>csse</strong></span> <span class='ocrx_word' id='word_1_69' title='bbox 807 922 928 995; x_wconf 85' lang='lat' dir='ltr'><strong>corpora</strong></span> <span class='ocrx_word' id='word_1_70' title='bbox 955 927 1071 994; x_wconf 80' lang='lat' dir='ltr'><strong>ipsoram</strong></span> <span class='ocrx_word' id='word_1_71' title='bbox 1093 933 1134 973; x_wconf 88' lang='lat' dir='ltr'><strong>cor·</strong></span> 
     </span>
     <span class='ocr_line' id='line_1_12' title="bbox 183 1003 1152 1074; baseline -0.014 -11"><span class='ocrx_word' id='word_1_72' title='bbox 183 1007 377 1074; x_wconf 65' lang='lat' dir='ltr'><strong>trahentium</strong></span> <span class='ocrx_word' id='word_1_73' title='bbox 405 1004 569 1074; x_wconf 83' lang='lat' dir='ltr'><strong>proximam</strong></span> <span class='ocrx_word' id='word_1_74' title='bbox 598 1019 666 1060; x_wconf 87' lang='lat' dir='ltr'><strong>vero</strong></span> <span class='ocrx_word' id='word_1_75' title='bbox 691 1011 820 1060; x_wconf 86' lang='lat' dir='ltr'><strong>mutuam</strong></span> <span class='ocrx_word' id='word_1_76' title='bbox 842 1003 1003 1060; x_wconf 83' lang='lat' dir='ltr'><strong>eorumdem</strong></span> <span class='ocrx_word' id='word_1_77' title='bbox 1023 1010 1152 1070; x_wconf 74' lang='lat' dir='ltr'><strong>corporuut</strong></span> 
     </span>
     <span class='ocr_line' id='line_1_13' title="bbox 184 1081 1136 1158; baseline -0.014 -13"><span class='ocrx_word' id='word_1_78' title='bbox 184 1085 386 1151; x_wconf 75' lang='lat' dir='ltr'><strong>traditionem,</strong></span> <span class='ocrx_word' id='word_1_79' title='bbox 414 1081 513 1138; x_wconf 82' lang='lat' dir='ltr'><strong>verbis</strong></span> <span class='ocrx_word' id='word_1_80' title='bbox 540 1083 731 1158; x_wconf 22' lang='lat' dir='ltr'><strong>seu-nutibus</strong></span> <span class='ocrx_word' id='word_1_81' title='bbox 752 1099 923 1141; x_wconf 82' lang='lat' dir='ltr'><strong>consensum</strong></span> <span class='ocrx_word' id='word_1_82' title='bbox 944 1082 1091 1138; x_wconf 84' lang='lat' dir='ltr'><strong>interiorem</strong></span> <span class='ocrx_word' id='word_1_83' title='bbox 1107 1093 1136 1132; x_wconf 84' lang='lat' dir='ltr'><strong>er-</strong></span> 
     </span>
     <span class='ocr_line' id='line_1_14' title="bbox 183 1161 1137 1238; baseline -0.014 -17"><span class='ocrx_word' id='word_1_84' title='bbox 183 1165 378 1238; x_wconf 86' lang='lat' dir='ltr'><strong>prirnentibur</strong></span> <span class='ocrx_word' id='word_1_85' title='bbox 400 1165 521 1231; x_wconf 81' lang='lat' dir='ltr'><strong>iactam3</strong></span> <span class='ocrx_word' id='word_1_86' title='bbox 548 1165 668 1220; x_wconf 80' lang='lat' dir='ltr'><strong>formam</strong></span> <span class='ocrx_word' id='word_1_87' title='bbox 698 1163 823 1234; x_wconf 88' lang='lat' dir='ltr'><strong>denique</strong></span> <span class='ocrx_word' id='word_1_88' title='bbox 844 1171 972 1225; x_wconf 81' lang='lat' dir='ltr'><strong>mutuam</strong></span> <span class='ocrx_word' id='word_1_89' title='bbox 993 1161 1137 1232; x_wconf 84' lang='lat' dir='ltr'><strong>ipsorummet</strong></span> 
     </span>
     <span class='ocr_line' id='line_1_15' title="bbox 185 1240 1136 1316; baseline -0.016 -13"><span class='ocrx_word' id='word_1_90' title='bbox 185 1261 337 1316; x_wconf 85' lang='lat' dir='ltr'><strong>corporum</strong></span> <span class='ocrx_word' id='word_1_91' title='bbox 360 1243 585 1313; x_wconf 78' lang='lat' dir='ltr'><strong>acceptationem</strong></span> <span class='ocrx_word' id='word_1_92' title='bbox 606 1259 623 1296; x_wconf 91' lang='lat' dir='ltr'><strong>a</strong></span> <span class='ocrx_word' id='word_1_93' title='bbox 645 1243 880 1301; x_wconf 86' lang='lat' dir='ltr'><strong>contrahentibus</strong></span> <span class='ocrx_word' id='word_1_94' title='bbox 901 1243 1032 1298; x_wconf 87' lang='lat' dir='ltr'><strong>similiter</strong></span> <span class='ocrx_word' id='word_1_95' title='bbox 1057 1240 1136 1294; x_wconf 84' lang='lat' dir='ltr'><strong>iacun</strong></span> 
     </span>
     <span class='ocr_line' id='line_1_16' title="bbox 186 1316 1153 1398; baseline -0.014 -16"><span class='ocrx_word' id='word_1_96' title='bbox 186 1325 261 1383; x_wconf 81' lang='lat' dir='ltr'><strong>Huic</strong></span> <span class='ocrx_word' id='word_1_97' title='bbox 282 1325 468 1398; x_wconf 69' lang='lat' dir='ltr'><strong>sententiae„</strong></span> <span class='ocrx_word' id='word_1_98' title='bbox 487 1338 574 1392; x_wconf 87' lang='lat' dir='ltr'><strong>quarn</strong></span> <span class='ocrx_word' id='word_1_99' title='bbox 595 1321 685 1378; x_wconf 84' lang='lat' dir='ltr'><strong>variis</strong></span> <span class='ocrx_word' id='word_1_100' title='bbox 707 1320 882 1394; x_wconf 75' lang='lat' dir='ltr'><strong>argumentis</strong></span> <span class='ocrx_word' id='word_1_101' title='bbox 904 1327 1061 1394; x_wconf 78' lang='lat' dir='ltr'><strong>propugnat</strong></span> <span class='ocrx_word' id='word_1_102' title='bbox 1080 1316 1153 1372; x_wconf 71' lang='lat' dir='ltr'><strong>lun</strong></span> 
     </span>
     <span class='ocr_line' id='line_1_17' title="bbox 185 1393 1137 1472; baseline -0.018 -10"><span class='ocrx_word' id='word_1_103' title='bbox 185 1403 285 1462; x_wconf 79' lang='lat' dir='ltr'><strong>bertus</strong></span> <span class='ocrx_word' id='word_1_104' title='bbox 307 1403 383 1472; x_wconf 83' lang='lat' dir='ltr'><strong>disp.</strong></span> <span class='ocrx_word' id='word_1_105' title='bbox 399 1403 426 1456; x_wconf 84' lang='lat' dir='ltr'><strong>t.</strong></span> <span class='ocrx_word' id='word_1_106' title='bbox 443 1401 479 1458; x_wconf 89' lang='lat' dir='ltr'><strong>de</strong></span> <span class='ocrx_word' id='word_1_107' title='bbox 493 1401 620 1458; x_wconf 74' lang='lat' dir='ltr'><strong>Matrini.</strong></span> <span class='ocrx_word' id='word_1_108' title='bbox 642 1407 693 1458; x_wconf 87' lang='lat' dir='ltr'><strong>art.</strong></span> <span class='ocrx_word' id='word_1_109' title='bbox 709 1401 738 1454; x_wconf 83' lang='lat'><strong>2.</strong></span> <span class='ocrx_word' id='word_1_110' title='bbox 760 1409 860 1472; x_wconf 86' lang='lat' dir='ltr'><strong>aperte</strong></span> <span class='ocrx_word' id='word_1_111' title='bbox 881 1403 957 1456; x_wconf 82' lang='lat' dir='ltr'><strong>iavet</strong></span> <span class='ocrx_word' id='word_1_112' title='bbox 978 1401 1005 1456; x_wconf 85' lang='lat' dir='ltr'><strong>S.</strong></span> <span class='ocrx_word' id='word_1_113' title='bbox 1019 1400 1107 1454; x_wconf 88' lang='lat' dir='ltr'><strong>Doctor</strong></span> <span class='ocrx_word' id='word_1_114' title='bbox 1119 1393 1137 1448; x_wconf 90' lang='lat' dir='ltr'><strong>in</strong></span> 
     </span>
     <span class='ocr_line' id='line_1_18' title="bbox 187 1478 1138 1554; baseline -0.012 -13"><span class='ocrx_word' id='word_1_115' title='bbox 187 1484 331 1554; x_wconf 82' lang='lat' dir='ltr'><strong>supplem.</strong></span> <span class='ocrx_word' id='word_1_116' title='bbox 355 1490 463 1554; x_wconf 85' lang='lat' dir='ltr'><strong>quaest.</strong></span> <span class='ocrx_word' id='word_1_117' title='bbox 480 1479 527 1536; x_wconf 77' lang='lat'><strong>45.</strong></span> <span class='ocrx_word' id='word_1_118' title='bbox 550 1489 603 1536; x_wconf 87' lang='lat' dir='ltr'><strong>art.</strong></span> <span class='ocrx_word' id='word_1_119' title='bbox 618 1478 647 1534; x_wconf 78' lang='lat'><strong>2,</strong></span> <span class='ocrx_word' id='word_1_120' title='bbox 668 1480 720 1537; x_wconf 88' lang='lat' dir='ltr'><strong>ubi</strong></span> <span class='ocrx_word' id='word_1_121' title='bbox 747 1481 846 1552; x_wconf 89' lang='lat' dir='ltr'><strong>docet,</strong></span> <span class='ocrx_word' id='word_1_122' title='bbox 875 1490 1001 1539; x_wconf 84' lang='lat' dir='ltr'><strong>mutuam</strong></span> <span class='ocrx_word' id='word_1_123' title='bbox 1025 1487 1138 1547; x_wconf 76' lang='lat' dir='ltr'><strong>corporea</strong></span> 
     </span>
     <span class='ocr_line' id='line_1_19' title="bbox 186 1548 1138 1632; baseline -0.008 -15"><span class='ocrx_word' id='word_1_124' title='bbox 186 1563 373 1618; x_wconf 75' lang='lat' dir='ltr'><strong>truditioncm</strong></span> <span class='ocrx_word' id='word_1_125' title='bbox 395 1563 436 1617; x_wconf 87' lang='lat' dir='ltr'><strong>ita</strong></span> <span class='ocrx_word' id='word_1_126' title='bbox 457 1576 487 1613; x_wconf 83' lang='lat' dir='ltr'><strong>se</strong></span> <span class='ocrx_word' id='word_1_127' title='bbox 508 1560 616 1614; x_wconf 88' lang='lat' dir='ltr'><strong>habere</strong></span> <span class='ocrx_word' id='word_1_128' title='bbox 637 1558 675 1613; x_wconf 88' lang='lat' dir='ltr'><strong>ad</strong></span> <span class='ocrx_word' id='word_1_129' title='bbox 697 1561 922 1632; x_wconf 88' lang='lat' dir='ltr'><strong>Matrimonium,</strong></span> <span class='ocrx_word' id='word_1_130' title='bbox 948 1548 1020 1614; x_wconf 78' lang='lat' dir='ltr'><strong>sicit</strong></span> <span class='ocrx_word' id='word_1_131' title='bbox 1039 1573 1065 1612; x_wconf 86' lang='lat' dir='ltr'><strong>se</strong></span> <span class='ocrx_word' id='word_1_132' title='bbox 1082 1552 1138 1608; x_wconf 79' lang='lat' dir='ltr'><strong>hebet</strong></span> 
     </span>
     <span class='ocr_line' id='line_1_20' title="bbox 187 1639 1139 1708; baseline -0.014 -12"><span class='ocrx_word' id='word_1_133' title='bbox 187 1640 298 1702; x_wconf 87' lang='lat' dir='ltr'><strong>ablutio</strong></span> <span class='ocrx_word' id='word_1_134' title='bbox 327 1639 364 1694; x_wconf 88' lang='lat' dir='ltr'><strong>ad</strong></span> <span class='ocrx_word' id='word_1_135' title='bbox 385 1639 574 1708; x_wconf 85' lang='lat' dir='ltr'><strong>Baptismum.</strong></span> <span class='ocrx_word' id='word_1_136' title='bbox 624 1639 708 1706; x_wconf 87' lang='lat' dir='ltr'><strong>Quod</strong></span> <span class='ocrx_word' id='word_1_137' title='bbox 731 1641 755 1694; x_wconf 92' lang='lat' dir='ltr'><strong>si</strong></span> <span class='ocrx_word' id='word_1_138' title='bbox 777 1639 934 1697; x_wconf 88' lang='lat' dir='ltr'><strong>secundum</strong></span> <span class='ocrx_word' id='word_1_139' title='bbox 956 1639 1034 1692; x_wconf 90' lang='lat' dir='ltr'><strong>illius</strong></span> <span class='ocrx_word' id='word_1_140' title='bbox 1054 1641 1139 1689; x_wconf 73' lang='lat' dir='ltr'><strong>nenton</strong></span> 
     </span>
     <span class='ocr_line' id='line_1_21' title="bbox 186 1714 1140 1791; baseline -0.014 -16"><span class='ocrx_word' id='word_1_141' title='bbox 186 1727 288 1776; x_wconf 89' lang='lat' dir='ltr'><strong>mutua</strong></span> <span class='ocrx_word' id='word_1_142' title='bbox 308 1718 427 1774; x_wconf 91' lang='lat' dir='ltr'><strong>traditio</strong></span> <span class='ocrx_word' id='word_1_143' title='bbox 450 1733 600 1787; x_wconf 84' lang='lat' dir='ltr'><strong>corporum</strong></span> <span class='ocrx_word' id='word_1_144' title='bbox 622 1727 665 1774; x_wconf 85' lang='lat' dir='ltr'><strong>est</strong></span> <span class='ocrx_word' id='word_1_145' title='bbox 685 1721 805 1791; x_wconf 85' lang='lat' dir='ltr'><strong>materia</strong></span> <span class='ocrx_word' id='word_1_146' title='bbox 826 1719 919 1790; x_wconf 88' lang='lat' dir='ltr'><strong>ipsius</strong></span> <span class='ocrx_word' id='word_1_147' title='bbox 935 1714 1140 1777; x_wconf 77' lang='lat' dir='ltr'><strong>Matrimoniire</strong></span> 
     </span>
     <span class='ocr_line' id='line_1_22' title="bbox 187 1791 1141 1870; baseline -0.012 -17"><span class='ocrx_word' id='word_1_148' title='bbox 187 1800 298 1870; x_wconf 82' lang='lat' dir='ltr'><strong>quitur,</strong></span> <span class='ocrx_word' id='word_1_149' title='bbox 320 1795 399 1870; x_wconf 86' lang='lat' dir='ltr'><strong>qnod</strong></span> <span class='ocrx_word' id='word_1_150' title='bbox 420 1797 583 1852; x_wconf 85' lang='lat' dir='ltr'><strong>eorumdem</strong></span> <span class='ocrx_word' id='word_1_151' title='bbox 601 1813 753 1870; x_wconf 86' lang='lat' dir='ltr'><strong>corporum</strong></span> <span class='ocrx_word' id='word_1_152' title='bbox 769 1809 868 1854; x_wconf 90' lang='lat' dir='ltr'><strong>mutua</strong></span> <span class='ocrx_word' id='word_1_153' title='bbox 884 1798 1040 1868; x_wconf 84' lang='lat' dir='ltr'><strong>acceptatio</strong></span> <span class='ocrx_word' id='word_1_154' title='bbox 1052 1791 1141 1862; x_wconf 79' lang='lat' dir='ltr'><strong>ritejur</strong></span> 
     </span>
     <span class='ocr_line' id='line_1_23' title="bbox 188 1874 1142 1936; baseline -0.015 -2"><span class='ocrx_word' id='word_1_155' title='bbox 188 1879 253 1936; x_wconf 87' lang='lat' dir='ltr'><strong>dem</strong></span> <span class='ocrx_word' id='word_1_156' title='bbox 274 1875 455 1933; x_wconf 86' lang='lat' dir='ltr'><strong>Matrimonii</strong></span> <span class='ocrx_word' id='word_1_157' title='bbox 476 1879 584 1932; x_wconf 83' lang='lat' dir='ltr'><strong>torma:</strong></span> <span class='ocrx_word' id='word_1_158' title='bbox 614 1878 690 1933; x_wconf 89' lang='lat' dir='ltr'><strong>sicut</strong></span> <span class='ocrx_word' id='word_1_159' title='bbox 709 1879 741 1932; x_wconf 91' lang='lat' dir='ltr'><strong>in</strong></span> <span class='ocrx_word' id='word_1_160' title='bbox 764 1887 911 1934; x_wconf 90' lang='lat' dir='ltr'><strong>contractu</strong></span> <span class='ocrx_word' id='word_1_161' title='bbox 934 1874 1086 1932; x_wconf 85' lang='lat' dir='ltr'><strong>donationis</strong></span> <span class='ocrx_word' id='word_1_162' title='bbox 1107 1877 1142 1921; x_wconf 89' lang='lat' dir='ltr'><strong>tn·</strong></span> 
     </span>
     <span class='ocr_line' id='line_1_24' title="bbox 188 1954 1141 2030; baseline -0.006 -18"><span class='ocrx_word' id='word_1_163' title='bbox 188 1957 261 2014; x_wconf 88' lang='lat' dir='ltr'><strong>ditio</strong></span> <span class='ocrx_word' id='word_1_164' title='bbox 283 1959 325 2014; x_wconf 89' lang='lat' dir='ltr'><strong>rei</strong></span> <span class='ocrx_word' id='word_1_165' title='bbox 346 1966 477 2026; x_wconf 87' lang='lat' dir='ltr'><strong>censetur</strong></span> <span class='ocrx_word' id='word_1_166' title='bbox 500 1959 582 2030; x_wconf 88' lang='lat' dir='ltr'><strong>quasi</strong></span> <span class='ocrx_word' id='word_1_167' title='bbox 602 1961 723 2012; x_wconf 79' lang='lat' dir='ltr'><strong>materia</strong></span> <span class='ocrx_word' id='word_1_168' title='bbox 737 1966 917 2026; x_wconf 83' lang='lat' dir='ltr'><strong>contractus3</strong></span> <span class='ocrx_word' id='word_1_169' title='bbox 940 1954 1087 2028; x_wconf 86' lang='lat' dir='ltr'><strong>acceptatio</strong></span> <span class='ocrx_word' id='word_1_170' title='bbox 1098 1959 1141 2001; x_wconf 79' lang='lat' dir='ltr'><strong>vttt</strong></span> 
     </span>
     <span class='ocr_line' id='line_1_25' title="bbox 188 2035 1142 2110; baseline -0.012 -17"><span class='ocrx_word' id='word_1_171' title='bbox 188 2038 273 2110; x_wconf 81' lang='lat' dir='ltr'><strong>qnasi</strong></span> <span class='ocrx_word' id='word_1_172' title='bbox 300 2039 407 2093; x_wconf 85' lang='lat' dir='ltr'><strong>forma:</strong></span> <span class='ocrx_word' id='word_1_173' title='bbox 444 2052 510 2108; x_wconf 32' lang='lat' dir='ltr'><strong>cnm,</strong></span> <span class='ocrx_word' id='word_1_174' title='bbox 534 2037 703 2106; x_wconf 85' lang='lat' dir='ltr'><strong>praesertim</strong></span> <span class='ocrx_word' id='word_1_175' title='bbox 732 2037 768 2092; x_wconf 90' lang='lat' dir='ltr'><strong>ab</strong></span> <span class='ocrx_word' id='word_1_176' title='bbox 797 2035 992 2108; x_wconf 84' lang='lat' dir='ltr'><strong>acceptatione</strong></span> <span class='ocrx_word' id='word_1_177' title='bbox 1019 2037 1142 2090; x_wconf 82' lang='lat' dir='ltr'><strong>contractu</strong></span> 
     </span>
     <span class='ocr_line' id='line_1_26' title="bbox 188 2111 1043 2192; baseline -0.008 -19"><span class='ocrx_word' id='word_1_178' title='bbox 188 2118 283 2192; x_wconf 83' lang='lat' dir='ltr'><strong>ipsius</strong></span> <span class='ocrx_word' id='word_1_179' title='bbox 305 2117 442 2172; x_wconf 82' lang='lat' dir='ltr'><strong>validitas</strong></span> <span class='ocrx_word' id='word_1_180' title='bbox 464 2126 492 2171; x_wconf 86' lang='lat' dir='ltr'><strong>ct</strong></span> <span class='ocrx_word' id='word_1_181' title='bbox 514 2118 632 2172; x_wconf 86' lang='lat' dir='ltr'><strong>firmitas</strong></span> <span class='ocrx_word' id='word_1_182' title='bbox 652 2115 787 2188; x_wconf 78' lang='lat' dir='ltr'><strong>pendent.</strong></span> <span class='ocrx_word' id='word_1_183' title='bbox 982 2111 985 2120; x_wconf 93' lang='grc'><strong>’</strong></span> <span class='ocrx_word' id='word_1_184' title='bbox 1041 2163 1043 2166; x_wconf 87' lang='grc'>.</span> 
     </span>
    </p>

    <p class='ocr_par' dir='ltr' id='par_1_6' title="bbox 188 2185 1144 2348">
     <span class='ocr_line' id='line_1_27' title="bbox 248 2185 1143 2269; baseline -0.008 -15"><span class='ocrx_word' id='word_1_185' title='bbox 248 2195 543 2268; x_wconf 63' lang='lat' dir='ltr'><strong>erectionemque</strong></span> <span class='ocrx_word' id='word_1_186' title='bbox 571 2197 609 2250; x_wconf 92' lang='lat' dir='ltr'><strong>ait</strong></span> <span class='ocrx_word' id='word_1_187' title='bbox 629 2195 716 2269; x_wconf 88' lang='lat' dir='ltr'><strong>hujus</strong></span> <span class='ocrx_word' id='word_1_188' title='bbox 739 2195 917 2263; x_wconf 81' lang='lat' dir='ltr'><strong>Sacramenti</strong></span> <span class='ocrx_word' id='word_1_189' title='bbox 937 2195 1072 2250; x_wconf 74' lang='lat' dir='ltr'><strong>Minister.</strong></span> <span class='ocrx_word' id='word_1_190' title='bbox 1108 2185 1143 2240; x_wconf 73' lang='lat' dir='ltr'><strong>lit·</strong></span> 
     </span>
     <span class='ocr_line' id='line_1_28' title="bbox 188 2267 1144 2348; baseline -0.017 -16"><span class='ocrx_word' id='word_1_191' title='bbox 188 2275 356 2348; x_wconf 85' lang='lat' dir='ltr'><strong>spondetur,</strong></span> <span class='ocrx_word' id='word_1_192' title='bbox 380 2292 440 2332; x_wconf 84' lang='lat' dir='ltr'><strong>esse</strong></span> <span class='ocrx_word' id='word_1_193' title='bbox 461 2277 599 2346; x_wconf 85' lang='lat' dir='ltr'><strong>ipsosmet</strong></span> <span class='ocrx_word' id='word_1_194' title='bbox 620 2275 820 2332; x_wconf 82' lang='lat' dir='ltr'><strong>contrahentes</strong></span> <span class='ocrx_word' id='word_1_195' title='bbox 842 2277 899 2331; x_wconf 89' lang='lat' dir='ltr'><strong>sibi</strong></span> <span class='ocrx_word' id='word_1_196' title='bbox 920 2284 1018 2330; x_wconf 86' lang='lat' dir='ltr'><strong>mutuo</strong></span> <span class='ocrx_word' id='word_1_197' title='bbox 1033 2267 1144 2327; x_wconf 83' lang='lat' dir='ltr'><strong>materian</strong></span> 
     </span>
    </p>
   </div>
   <div class='ocr_carea' id='block_1_4' title="bbox 108 2349 1144 2428">
    <p class='ocr_par' dir='ltr' id='par_1_7' title="bbox 108 2349 1144 2428">
     <span class='ocr_line' id='line_1_29' title="bbox 108 2349 1144 2428; baseline -0.013 -15"><span class='ocrx_word' id='word_1_198' title='bbox 108 2415 113 2420; x_wconf 76' lang='grc'><strong><em>,</em></strong></span> <span class='ocrx_word' id='word_1_199' title='bbox 188 2362 216 2414; x_wconf 86' lang='lat' dir='ltr'><strong>et</strong></span> <span class='ocrx_word' id='word_1_200' title='bbox 236 2349 357 2410; x_wconf 84' lang='lat' dir='ltr'><strong>ferinam</strong></span> <span class='ocrx_word' id='word_1_201' title='bbox 378 2355 567 2426; x_wconf 86' lang='lat' dir='ltr'><strong>applicantes.</strong></span> <span class='ocrx_word' id='word_1_202' title='bbox 610 2353 654 2409; x_wconf 89' lang='lat' dir='ltr'><strong>lta</strong></span> <span class='ocrx_word' id='word_1_203' title='bbox 669 2357 752 2411; x_wconf 85' lang='lat' dir='ltr'><strong>Sctne</strong></span> <span class='ocrx_word' id='word_1_204' title='bbox 775 2364 802 2409; x_wconf 89' lang='lat' dir='ltr'><strong>et</strong></span> <span class='ocrx_word' id='word_1_205' title='bbox 823 2355 886 2422; x_wconf 88' lang='lat' dir='ltr'><strong>alii,</strong></span> <span class='ocrx_word' id='word_1_206' title='bbox 909 2371 979 2428; x_wconf 84' lang='lat' dir='ltr'><strong>quos</strong></span> <span class='ocrx_word' id='word_1_207' title='bbox 1001 2355 1064 2409; x_wconf 86' lang='lat' dir='ltr'><strong>citat</strong></span> <span class='ocrx_word' id='word_1_208' title='bbox 1082 2355 1144 2402; x_wconf 83' lang='lat' dir='ltr'><strong>etse</strong></span> 
     </span>
    </p>
   </div>
   <div class='ocr_carea' id='block_1_5' title="bbox 187 2432 1149 3380">
    <p class='ocr_par' dir='ltr' id='par_1_8' title="bbox 187 2432 1148 3219">
     <span class='ocr_line' id='line_1_30' title="bbox 187 2432 1143 2508; baseline -0.012 -18"><span class='ocrx_word' id='word_1_209' title='bbox 187 2437 289 2508; x_wconf 80' lang='lat' dir='ltr'><strong>quitur</strong></span> <span class='ocrx_word' id='word_1_210' title='bbox 305 2435 450 2495; x_wconf 85' lang='lat' dir='ltr'><strong>Vivaldus</strong></span> <span class='ocrx_word' id='word_1_211' title='bbox 477 2435 509 2488; x_wconf 88' lang='lat' dir='ltr'><strong>in</strong></span> <span class='ocrx_word' id='word_1_212' title='bbox 538 2435 713 2490; x_wconf 89' lang='lat' dir='ltr'><strong>candelabro</strong></span> <span class='ocrx_word' id='word_1_213' title='bbox 742 2451 828 2490; x_wconf 80' lang='lat' dir='ltr'><strong>aureo</strong></span> <span class='ocrx_word' id='word_1_214' title='bbox 858 2435 900 2488; x_wconf 89' lang='lat' dir='ltr'><strong>tit.</strong></span> <span class='ocrx_word' id='word_1_215' title='bbox 924 2435 968 2489; x_wconf 79' lang='lat' dir='ltr'><strong>ll.</strong></span> <span class='ocrx_word' id='word_1_216' title='bbox 994 2433 1033 2499; x_wconf 48' lang='lat' dir='ltr'><strong>¹tle</strong></span> <span class='ocrx_word' id='word_1_217' title='bbox 1052 2432 1143 2484; x_wconf 83' lang='lat' dir='ltr'><strong>Sacran-</strong></span> 
     </span>
     <span class='ocr_line' id='line_1_31' title="bbox 187 2509 1144 2588; baseline -0.011 -17"><span class='ocrx_word' id='word_1_218' title='bbox 187 2515 314 2572; x_wconf 88' lang='lat' dir='ltr'><strong>Mutrim.</strong></span> <span class='ocrx_word' id='word_1_219' title='bbox 343 2514 536 2569; x_wconf 87' lang='lat' dir='ltr'><strong>Bellarminus</strong></span> <span class='ocrx_word' id='word_1_220' title='bbox 563 2513 618 2588; x_wconf 70' lang='lat' dir='ltr'><strong>lib.</strong></span> <span class='ocrx_word' id='word_1_221' title='bbox 643 2513 668 2570; x_wconf 91' lang='grc'><strong>1.</strong></span> <span class='ocrx_word' id='word_1_222' title='bbox 699 2513 735 2568; x_wconf 89' lang='lat' dir='ltr'><strong>de</strong></span> <span class='ocrx_word' id='word_1_223' title='bbox 757 2514 880 2569; x_wconf 86' lang='lat' dir='ltr'><strong>Matrim.</strong></span> <span class='ocrx_word' id='word_1_224' title='bbox 904 2529 966 2583; x_wconf 87' lang='lat' dir='ltr'><strong>cap.</strong></span> <span class='ocrx_word' id='word_1_225' title='bbox 982 2511 1009 2568; x_wconf 90' lang='lat'><strong>6.</strong></span> <span class='ocrx_word' id='word_1_226' title='bbox 1024 2518 1055 2565; x_wconf 83' lang='lat' dir='ltr'><strong>&#39;et</strong></span> <span class='ocrx_word' id='word_1_227' title='bbox 1073 2509 1144 2562; x_wconf 75' lang='lat' dir='ltr'><strong>Pctus</strong></span> 
     </span>
     <span class='ocr_line' id='line_1_32' title="bbox 187 2583 1145 2652; baseline -0.01 0"><span class='ocrx_word' id='word_1_228' title='bbox 187 2596 224 2652; x_wconf 88' lang='lat' dir='ltr'><strong>de</strong></span> <span class='ocrx_word' id='word_1_229' title='bbox 246 2595 387 2652; x_wconf 86' lang='lat' dir='ltr'><strong>Ledesma</strong></span> <span class='ocrx_word' id='word_1_230' title='bbox 415 2599 494 2647; x_wconf 86' lang='lat' dir='ltr'><strong>tract.</strong></span> <span class='ocrx_word' id='word_1_231' title='bbox 525 2593 560 2646; x_wconf 88' lang='lat' dir='ltr'><strong>de</strong></span> <span class='ocrx_word' id='word_1_232' title='bbox 581 2593 707 2647; x_wconf 78' lang='lat' dir='ltr'><strong>Matrica.</strong></span> <span class='ocrx_word' id='word_1_233' title='bbox 736 2609 760 2647; x_wconf 92' lang='lat' dir='ltr'><strong>c.</strong></span> <span class='ocrx_word' id='word_1_234' title='bbox 778 2593 805 2648; x_wconf 77' lang='lat'><strong>2.</strong></span> <span class='ocrx_word' id='word_1_235' title='bbox 835 2593 886 2650; x_wconf 88' lang='lat' dir='ltr'><strong>nbi</strong></span> <span class='ocrx_word' id='word_1_236' title='bbox 914 2583 1145 2647; x_wconf 69' lang='lat' dir='ltr'><strong>concernentium</strong></span> 
     </span>
     <span class='ocr_line' id='line_1_33' title="bbox 187 2661 1144 2744; baseline -0.014 -15"><span class='ocrx_word' id='word_1_237' title='bbox 187 2682 254 2744; x_wconf 89' lang='lat' dir='ltr'><strong>post</strong></span> <span class='ocrx_word' id='word_1_238' title='bbox 275 2675 361 2730; x_wconf 85' lang='lat' dir='ltr'><strong>Cone.</strong></span> <span class='ocrx_word' id='word_1_239' title='bbox 385 2670 516 2728; x_wconf 79' lang='lat' dir='ltr'><strong>Trident.</strong></span> <span class='ocrx_word' id='word_1_240' title='bbox 539 2687 717 2727; x_wconf 87' lang='lat' dir='ltr'><strong>communem</strong></span> <span class='ocrx_word' id='word_1_241' title='bbox 740 2687 800 2728; x_wconf 86' lang='lat' dir='ltr'><strong>esse</strong></span> <span class='ocrx_word' id='word_1_242' title='bbox 827 2673 1036 2744; x_wconf 81' lang='lat' dir='ltr'><strong>Theologcrnm</strong></span> <span class='ocrx_word' id='word_1_243' title='bbox 1059 2661 1144 2722; x_wconf 76' lang='lat' dir='ltr'><strong>asserit:</strong></span> 
     </span>
     <span class='ocr_line' id='line_1_34' title="bbox 188 2747 1145 2824; baseline -0.005 -18"><span class='ocrx_word' id='word_1_244' title='bbox 188 2752 267 2807; x_wconf 88' lang='lat' dir='ltr'><strong>unde</strong></span> <span class='ocrx_word' id='word_1_245' title='bbox 288 2755 434 2824; x_wconf 84' lang='lat' dir='ltr'><strong>seqnitur,</strong></span> <span class='ocrx_word' id='word_1_246' title='bbox 463 2751 625 2806; x_wconf 86' lang='lat' dir='ltr'><strong>Parochnm</strong></span> <span class='ocrx_word' id='word_1_247' title='bbox 646 2760 696 2806; x_wconf 87' lang='lat' dir='ltr'><strong>ant</strong></span> <span class='ocrx_word' id='word_1_248' title='bbox 722 2753 813 2806; x_wconf 85' lang='lat' dir='ltr'><strong>alium</strong></span> <span class='ocrx_word' id='word_1_249' title='bbox 835 2752 1016 2807; x_wconf 82' lang='lat' dir='ltr'><strong>Sacerdotem</strong></span> <span class='ocrx_word' id='word_1_250' title='bbox 1040 2747 1092 2820; x_wconf 84' lang='lat' dir='ltr'><strong>ejus</strong></span> <span class='ocrx_word' id='word_1_251' title='bbox 1113 2753 1145 2792; x_wconf 64' lang='lat' dir='ltr'><strong>nb</strong></span> 
     </span>
     <span class='ocr_line' id='line_1_35' title="bbox 188 2823 1145 2896; baseline -0.006 -10"><span class='ocrx_word' id='word_1_252' title='bbox 188 2832 267 2886; x_wconf 77' lang='lat' dir='ltr'><strong>mine</strong></span> <span class='ocrx_word' id='word_1_253' title='bbox 289 2833 474 2888; x_wconf 86' lang='lat' dir='ltr'><strong>Matrimouio</strong></span> <span class='ocrx_word' id='word_1_254' title='bbox 495 2832 678 2890; x_wconf 79' lang='lat' dir='ltr'><strong>assistentem</strong></span> <span class='ocrx_word' id='word_1_255' title='bbox 697 2849 755 2887; x_wconf 86' lang='lat' dir='ltr'><strong>noa</strong></span> <span class='ocrx_word' id='word_1_256' title='bbox 777 2847 838 2886; x_wconf 83' lang='lat' dir='ltr'><strong>asse</strong></span> <span class='ocrx_word' id='word_1_257' title='bbox 860 2832 1038 2896; x_wconf 87' lang='lat' dir='ltr'><strong>Ministrnm,</strong></span> <span class='ocrx_word' id='word_1_258' title='bbox 1060 2823 1102 2882; x_wconf 88' lang='lat' dir='ltr'><strong>sed</strong></span> <span class='ocrx_word' id='word_1_259' title='bbox 1117 2833 1145 2872; x_wconf 73' lang='lat'><strong>³⁰·</strong></span> 
     </span>
     <span class='ocr_line' id='line_1_36' title="bbox 189 2909 1146 2982; baseline 0.003 -16"><span class='ocrx_word' id='word_1_260' title='bbox 189 2909 338 2966; x_wconf 84' lang='lat' dir='ltr'><strong>lummodo</strong></span> <span class='ocrx_word' id='word_1_261' title='bbox 360 2919 458 2966; x_wconf 87' lang='lat' dir='ltr'><strong>testem</strong></span> <span class='ocrx_word' id='word_1_262' title='bbox 479 2912 690 2982; x_wconf 65' lang='lat' dir='ltr'><strong>principalem</strong></span> <span class='ocrx_word' id='word_1_263' title='bbox 712 2911 893 2982; x_wconf 87' lang='lat' dir='ltr'><strong>proindeque</strong></span> <span class='ocrx_word' id='word_1_264' title='bbox 910 2911 1007 2976; x_wconf 80' lang='lat' dir='ltr'><strong>verbu,</strong></span> <span class='ocrx_word' id='word_1_265' title='bbox 1028 2919 1091 2979; x_wconf 79' lang='lat' dir='ltr'><strong>quat</strong></span> <span class='ocrx_word' id='word_1_266' title='bbox 1104 2911 1146 2969; x_wconf 63' lang='lat' dir='ltr'><strong>lli</strong></span> 
     </span>
     <span class='ocr_line' id='line_1_37' title="bbox 189 2981 1147 3063; baseline 0.001 -19"><span class='ocrx_word' id='word_1_267' title='bbox 189 2990 261 3055; x_wconf 80' lang='lat' dir='ltr'><strong>tert,</strong></span> <span class='ocrx_word' id='word_1_268' title='bbox 289 3003 346 3043; x_wconf 86' lang='lat' dir='ltr'><strong>nou</strong></span> <span class='ocrx_word' id='word_1_269' title='bbox 374 2992 518 3059; x_wconf 86' lang='lat' dir='ltr'><strong>perttncre</strong></span> <span class='ocrx_word' id='word_1_270' title='bbox 540 2991 582 3046; x_wconf 87' lang='lat' dir='ltr'><strong>atl</strong></span> <span class='ocrx_word' id='word_1_271' title='bbox 603 2993 724 3049; x_wconf 82' lang='lat' dir='ltr'><strong>sormam</strong></span> <span class='ocrx_word' id='word_1_272' title='bbox 744 2991 832 3063; x_wconf 81' lang='lat' dir='ltr'><strong>hujus</strong></span> <span class='ocrx_word' id='word_1_273' title='bbox 854 2991 1042 3054; x_wconf 76' lang='lat' dir='ltr'><strong>sacramenti,</strong></span> <span class='ocrx_word' id='word_1_274' title='bbox 1067 2981 1109 3040; x_wconf 81' lang='lat' dir='ltr'><strong>red</strong></span> <span class='ocrx_word' id='word_1_275' title='bbox 1123 2988 1147 3030; x_wconf 70' lang='lat'><strong>0¹</strong></span> 
     </span>
     <span class='ocr_line' id='line_1_38' title="bbox 189 3068 1148 3135; baseline -0.015 -9"><span class='ocrx_word' id='word_1_276' title='bbox 189 3069 340 3126; x_wconf 80' lang='lat' dir='ltr'><strong>Ecclesiae</strong></span> <span class='ocrx_word' id='word_1_277' title='bbox 361 3069 494 3124; x_wconf 84' lang='lat' dir='ltr'><strong>instituto</strong></span> <span class='ocrx_word' id='word_1_278' title='bbox 515 3069 650 3130; x_wconf 84' lang='lat' dir='ltr'><strong>adhiberi</strong></span> <span class='ocrx_word' id='word_1_279' title='bbox 671 3071 708 3126; x_wconf 84' lang='lat' dir='ltr'><strong>ed</strong></span> <span class='ocrx_word' id='word_1_280' title='bbox 726 3084 896 3128; x_wconf 86' lang='lat' dir='ltr'><strong>consensum</strong></span> <span class='ocrx_word' id='word_1_281' title='bbox 910 3078 1036 3126; x_wconf 87' lang='lat' dir='ltr'><strong>mutuum</strong></span> <span class='ocrx_word' id='word_1_282' title='bbox 1050 3068 1148 3135; x_wconf 80' lang='lat' dir='ltr'><strong>ipsorum</strong></span> 
     </span>
     <span class='ocr_line' id='line_1_39' title="bbox 190 3149 703 3219; baseline -0.006 -12"><span class='ocrx_word' id='word_1_283' title='bbox 190 3149 423 3207; x_wconf 82' lang='lat' dir='ltr'><strong>contrahentium</strong></span> <span class='ocrx_word' id='word_1_284' title='bbox 445 3150 703 3219; x_wconf 85' lang='lat' dir='ltr'><strong>comprobandum.</strong></span> 
     </span>
    </p>

    <p class='ocr_par' dir='ltr' id='par_1_9' title="bbox 191 3228 1149 3380">
     <span class='ocr_line' id='line_1_40' title="bbox 251 3228 1149 3304; baseline -0.017 -21"><span class='ocrx_word' id='word_1_285' title='bbox 251 3230 280 3284; x_wconf 81' lang='lat' dir='ltr'><strong>t.</strong></span> <span class='ocrx_word' id='word_1_286' title='bbox 322 3228 477 3304; x_wconf 78' lang='lat' dir='ltr'><strong>Quaeritur</strong></span> <span class='ocrx_word' id='word_1_287' title='bbox 490 3228 517 3284; x_wconf 79' lang='lat'><strong>3.</strong></span> <span class='ocrx_word' id='word_1_288' title='bbox 540 3246 576 3283; x_wconf 93' lang='lat' dir='ltr'><strong>an</strong></span> <span class='ocrx_word' id='word_1_289' title='bbox 591 3231 809 3287; x_wconf 85' lang='lat' dir='ltr'><strong>Matrimonium</strong></span> <span class='ocrx_word' id='word_1_290' title='bbox 823 3246 876 3300; x_wconf 87' lang='lat' dir='ltr'><strong>per</strong></span> <span class='ocrx_word' id='word_1_291' title='bbox 889 3235 1089 3300; x_wconf 84' lang='lat' dir='ltr'><strong>procuratorem</strong></span> <span class='ocrx_word' id='word_1_292' title='bbox 1101 3231 1149 3273; x_wconf 85' lang='lat' dir='ltr'><strong>ton·</strong></span> 
     </span>
     <span class='ocr_line' id='line_1_41' title="bbox 191 3300 1149 3380; baseline -0.008 -15"><span class='ocrx_word' id='word_1_293' title='bbox 191 3316 313 3366; x_wconf 79' lang='lat' dir='ltr'><strong>tractura</strong></span> <span class='ocrx_word' id='word_1_294' title='bbox 342 3309 380 3362; x_wconf 88' lang='lat' dir='ltr'><strong>sit</strong></span> <span class='ocrx_word' id='word_1_295' title='bbox 404 3323 473 3375; x_wconf 44' lang='lat' dir='ltr'><strong>*vere</strong></span> <span class='ocrx_word' id='word_1_296' title='bbox 502 3309 723 3366; x_wconf 80' lang='lat' dir='ltr'><strong>sacramentnm.</strong></span> <span class='ocrx_word' id='word_1_297' title='bbox 773 3309 975 3380; x_wconf 85' lang='lat' dir='ltr'><strong>Respondetnr</strong></span> <span class='ocrx_word' id='word_1_298' title='bbox 995 3300 1149 3363; x_wconf 64' lang='lat' dir='ltr'><strong>affirmativa?</strong></span> 
     </span>
    </p>
   </div>
   <div class='ocr_carea' id='block_1_6' title="bbox 108 3381 1148 3541">
    <p class='ocr_par' dir='ltr' id='par_1_10' title="bbox 108 3381 1148 3541">
     <span class='ocr_line' id='line_1_42' title="bbox 185 3381 1148 3462; baseline -0.003 -20"><span class='ocrx_word' id='word_1_299' title='bbox 185 3389 326 3458; x_wconf 31' lang='lat' dir='ltr'><strong>,quanvis</strong></span> <span class='ocrx_word' id='word_1_300' title='bbox 348 3387 424 3442; x_wconf 87' lang='lat' dir='ltr'><strong>enirn</strong></span> <span class='ocrx_word' id='word_1_301' title='bbox 447 3387 539 3459; x_wconf 86' lang='lat' dir='ltr'><strong>aliqui</strong></span> <span class='ocrx_word' id='word_1_302' title='bbox 555 3389 696 3461; x_wconf 79' lang='lat' dir='ltr'><strong>Theologi</strong></span> <span class='ocrx_word' id='word_1_303' title='bbox 711 3389 743 3446; x_wconf 92' lang='lat' dir='ltr'><strong>id</strong></span> <span class='ocrx_word' id='word_1_304' title='bbox 757 3381 876 3462; x_wconf 75' lang='lat' dir='ltr'><strong>negent,</strong></span> <span class='ocrx_word' id='word_1_305' title='bbox 891 3388 1067 3458; x_wconf 86' lang='lat' dir='ltr'><strong>probabilior</strong></span> <span class='ocrx_word' id='word_1_306' title='bbox 1078 3387 1148 3434; x_wconf 71' lang='lat' dir='ltr'><strong>tanet</strong></span> 
     </span>
     <span class='ocr_line' id='line_1_43' title="bbox 108 3457 1148 3541; baseline 0.009 -23"><span class='ocrx_word' id='word_1_307' title='bbox 108 3499 113 3504; x_wconf 91' lang='lat'>-</span> <span class='ocrx_word' id='word_1_308' title='bbox 194 3472 239 3519; x_wconf 88' lang='lat' dir='ltr'><strong>est</strong></span> <span class='ocrx_word' id='word_1_309' title='bbox 259 3468 402 3522; x_wconf 86' lang='lat' dir='ltr'><strong>sententia</strong></span> <span class='ocrx_word' id='word_1_310' title='bbox 423 3477 521 3522; x_wconf 85' lang='lat' dir='ltr'><strong>eorum</strong></span> <span class='ocrx_word' id='word_1_311' title='bbox 543 3469 594 3538; x_wconf 89' lang='lat' dir='ltr'><strong>qni</strong></span> <span class='ocrx_word' id='word_1_312' title='bbox 619 3469 778 3526; x_wconf 72' lang='lat' dir='ltr'><strong>affirmante</strong></span> <span class='ocrx_word' id='word_1_313' title='bbox 808 3485 894 3541; x_wconf 87' lang='lat' dir='ltr'><strong>quarn</strong></span> <span class='ocrx_word' id='word_1_314' title='bbox 920 3467 1081 3527; x_wconf 85' lang='lat' dir='ltr'><strong>sententiam</strong></span> <span class='ocrx_word' id='word_1_315' title='bbox 1103 3457 1148 3527; x_wconf 70' lang='lat'><strong>9⁰⁸¹</strong></span> 
     </span>
    </p>
   </div>
   <div class='ocr_carea' id='block_1_7' title="bbox 194 3533 1147 3620">
    <p class='ocr_par' dir='ltr' id='par_1_11' title="bbox 194 3533 1147 3620">
     <span class='ocr_line' id='line_1_44' title="bbox 194 3533 1147 3620; baseline 0.013 -25"><span class='ocrx_word' id='word_1_316' title='bbox 194 3541 382 3600; x_wconf 81' lang='lat' dir='ltr'><strong>Dominionm</strong></span> <span class='ocrx_word' id='word_1_317' title='bbox 402 3547 510 3614; x_wconf 79' lang='lat' dir='ltr'><strong>sotum,</strong></span> <span class='ocrx_word' id='word_1_318' title='bbox 531 3545 691 3604; x_wconf 80' lang='lat' dir='ltr'><strong>Navarrnnt</strong></span> <span class='ocrx_word' id='word_1_319' title='bbox 712 3557 740 3604; x_wconf 90' lang='lat' dir='ltr'><strong>et</strong></span> <span class='ocrx_word' id='word_1_320' title='bbox 760 3551 859 3620; x_wconf 84' lang='lat' dir='ltr'><strong>plnres</strong></span> <span class='ocrx_word' id='word_1_321' title='bbox 881 3549 954 3605; x_wconf 86' lang='lat' dir='ltr'><strong>aiios</strong></span> <span class='ocrx_word' id='word_1_322' title='bbox 970 3533 1147 3606; x_wconf 65' lang='lat' dir='ltr'><strong>tueturetlll</strong></span> 
     </span>
    </p>
   </div>
   <div class='ocr_carea' id='block_1_8' title="bbox 0 0 1195 3862">
    <p class='ocr_par' dir='ltr' id='par_1_12' title="bbox 0 0 1195 3862">
     <span class='ocr_line' id='line_1_45' title="bbox 0 0 1195 3862; baseline 0 0"><span class='ocrx_word' id='word_1_323' title='bbox 0 0 1195 3862; x_wconf 95' lang='lat' dir='ltr'><strong> </strong></span> 
     </span>
    </p>
   </div>
  </div>
 </body>
</html>
