2348 3868
345 185 383 230 nn
404 183 610 228 numentanus
930 167 977 234 97'

28 307 172 360 Eucharistiae
197 307 415 370 communionem,
441 305 575 376 siquidem
599 321 652 374 pes·
678 303 805 374 baptimi
834 305 973 363 lumem

28 387 144 456 eumeni,
166 385 453 440 cruentationes
481 386 660 454 incorporati,
690 385 816 453 adeptum
834 385 897 453 juta
906 387 971 456 fili-

28 481 69 518 orn
84 467 131 518 Dei
146 469 264 535 pretinm
285 468 312 518 in
332 465 381 518 itta
400 473 490 520 cetntc
511 466 633 518 emittm
654 480 707 516 aon
722 473 846 533 possem.

60 545 127 599 Dicet
144 545 264 614 aliquis,
292 543 343 599 SS.
364 543 463 598 Patres
487 543 697 598 Eucharistiam
724 544 856 613 parvulis
877 544 974 616 bapti-

28 627 68 677 utis
90 623 311 690 administrasse,
341 632 374 677 nt
399 631 511 678 cunsmt
538 637 575 677 ex
602 624 629 677 S.
654 623 801 692 Cypriane
828 639 912 678 serm.
938 625 974 681 de

28 705 93 770 ipsis,
113 705 137 756 S.
151 703 314 775 Augustino
329 703 412 774 epist
437 701 503 756 107.
526 701 563 756 ad
581 701 709 758 Vitalem
730 709 759 756 et
779 702 854 758 aliis.
887 703 973 760 Unde

28 784 125 851 eqmtnr,
149 781 216 838 illos
245 784 442 848 existimasse,
473 781 683 838 Eucharistiam
716 795 778 836 esso
804 784 975 838 necessitate

28 861 82 914 tedii
97 864 292 917 necessariam.

57 940 242 1011 Respondemus,
266 954 377 996 morem
396 941 483 994 illum
503 939 739 996 communicandi
759 941 899 1012 parvulos
920 942 974 996 ali·

28 1019 99 1088 [uibus
113 1028 212 1078 autum
233 1023 267 1075 in
289 1022 363 1076 locis
386 1021 473 1074 inisse
502 1027 660 1086 serratum,
689 1033 782 1089 neque
803 1019 851 1074 ee.
874 1020 974 1077 Patres

28 1113 112 1166 mquam
133 1103 291 1168 censuisse,
326 1100 432 1154 realem
459 1097 659 1154 Eucharistiae
687 1101 897 1167 susceptionem
926 1116 974 1156 ne-

28 1178 115 1232 astute
130 1181 215 1234 medii
237 1196 301 1234 esee
321 1179 453 1250 parvulis
475 1177 683 1244 necessariam
716 1193 781 1232 cum
802 1177 831 1233 S.
852 1179 975 1234 Melchi·

28 1253 67 1307 ties
78 1257 152 1326 Papa,
172 1261 224 1330 qni
239 1261 320 1314 circa
334 1261 440 1314 annum
462 1257 528 1312 312.
547 1259 624 1312 rexit
637 1255 814 1324 Ecclesiam,
836 1259 868 1312 iu
883 1258 976 1327 Epist.

28 1331 101 1390 meret.
118 1337 148 1391 ad
168 1339 333 1408 Episcopus
356 1337 514 1408 Hispaniae
535 1335 626 1400 dicat,
648 1339 878 1406 reponeretioasm
899 1337 982 1405 (Be-¹

28 1414 88 1466 utini
99 1419 202 1486 silicet)
215 1437 274 1490 per
288 1436 317 1472 se
330 1419 438 1472 solunte
452 1433 501 1470 nos
515 1418 543 1469 in
553 1432 624 1486 pace
640 1416 712 1470 hecti
724 1418 826 1471 macuti
839 1419 977 1487 campien-

28 1491 61 1544 lus.
87 1493 152 1550 Unde
173 1498 342 1554 Concilium
354 1495 566 1551 ¹Eritlentinum
587 1495 671 1550 docet
690 1511 743 1550 non
763 1513 821 1552 esse
842 1497 978 1552 domnon-

28 1571 65 1624 lan
79 1577 260 1646 ortiqssitctem,
289 1579 314 1630 si
335 1595 393 1631 com
413 1589 512 1630 morem
538 1577 566 1626 in
587 1574 722 1646 aliquibus
743 1577 809 1630 locis
829 1577 976 1648 aliquando

28 1657 120 1720 meumst
139 1666 174 1710 ‘ut
193 1659 268 1711 enim
281 1658 445 1710 sanctissimi
457 1657 499 1710 iili
512 1655 611 1708 Patres
624 1656 668 1708 ssi
675 1655 846 1725 pradohiiesn
866 1673 976 1712 cuasam

28 1727 66 1782 hut
77 1751 120 1802 pru
137 1737 207 1790 illius
228 1738 357 1806 temporis
377 1737 483 1789 ratione
502 1735 662 1798 habuerunt,
685 1736 724 1789 ita
745 1744 815 1790 certe
835 1753 881 1790 eos
902 1737 977 1792 aulis

28 1811 88 1864 muti
103 1819 252 1872 mccssdcte
274 1818 304 1869 id
317 1817 431 1886 fecisse,
461 1815 519 1868 sinc
540 1815 721 1868 commonentia
746 1816 907 1870 medendum
927 1826 976 1875 cst.

63 1891 199 1950 Dicendum
228 1897 259 1950 2.
290 1896 507 1950 Sacramentum
533 1893 731 1949 Eucharistiae
761 1896 792 1948 in
817 1904 895 1950 *voto
930 1911 977 1950 su-

28 1977 115 2036 mptum
128 1983 240 2030 eatenus
257 1983 315 2028 tem
329 1974 447 2038 adultis,
470 1987 556 2043 quam
569 1973 702 2040 paruulis
716 1987 777 2028 esse
796 1974 836 2028 ad
856 1974 977 2030 sulutem

28 2053 172 2107 necessarium
202 2055 377 2108 necessitate
407 2051 513 2118 medii,
543 2059 683 2121 quatenns
714 2060 814 2108 votum
841 2051 919 2107 iilud
945 2054 978 2108 in

28 2121 125 2194 luptismi
144 2135 329 2204 susceptione
341 2134 519 2197 'conticitum
541 2139 602 2184 tum
624 2134 733 2186 ratione
755 2133 864 2202 gratiae
882 2132 979 2201 bapti·

28 2208 977 2285 taulis,qnuebaptinatumchneharistiueperceptionemidoneum

28 2283 90 2352 ciieit,
108 2297 161 2346 tum
182 2295 271 2346 etiarn
293 2293 403 2346 ratione
417 2291 631 2360 propensionis,
646 2303 738 2362 ,quam
759 2292 793 2356 is,
816 2291 867 2360 qui
887 2291 978 2346 vitem

28 2363 163 2427 uiritantem
178 2374 289 2442 gratiae
309 2387 361 2441 per
374 2371 555 2441 Baptismum
577 2371 698 2440 accepit,
721 2377 852 2426 censetur
871 2370 978 2446 hebere

28 2440 49 2492 td
62 2446 134 2502 ritum
152 2451 235 2506 illam
258 2467 311 2520 per
331 2451 500 2504 alimentum
521 2449 721 2506 Eucharistiae
741 2448 976 2516 conservandam,

28 2526 45 2570 tt
59 2521 125 2582 docet
142 2529 169 2584 S.
191 2531 319 2584 ‘ihomas
341 2544 444 2598 supra,
474 2536 586 2597 etpost
609 2529 695 2584 illum
716 2529 905 2584 communiter
925 2528 979 2586 alii

28 2593 135 2675 lheologi,
153 2615 185 2663 ut
204 2609 306 2664 videre
326 2617 368 2663 est
389 2607 468 2678 apud
481 2607 646 2664 Valentiam
668 2607 744 2677 disp.
765 2607 794 2662 6.
817 2616 926 2678 quaest.
946 2607 977 2665 l.

28 2673 49 2729 le
63 2680 203 2743 Eucharist.
225 2697 325 2759 punct.
349 2691 376 2744 5.
438 2733 439 2736 ,
511 2717 513 2724 ·

64 2759 99 2814 Ex
115 2781 165 2834 qua
178 2767 311 2823 doctrina
332 2769 374 2821 sic
389 2767 534 2836 explicata
550 2766 680 2836 intelligi
693 2772 796 2833 potest,
820 2780 876 2835 quo
892 2781 978 2823 sensu

28 2829 104 2924 litent
120 2845 144 2898 S.
156 2847 336 2920 Augustinus
357 2846 409 2900 lits.
435 2845 464 2900 1.-
484 2853 582 2900 contra
606 2844 678 2898 duas
698 2845 790 2914 Epist.
814 2844 910 2918 Pelag.
933 2865 978 2902 cos

28 2923 86 2970 utum
102 2922 184 2980 lutee
205 2945 260 2981 non
274 2937 372 2998 poste,
395 2927 441 2996 qui
454 2926 562 2997 suerint
583 2933 704 2994 supertes
724 2927 845 2994 corporis
858 2936 891 2982 ,et
910 2944 978 2981 sun-

28 2997 91 3058 tuctu
114 3003 223 3074 elratif
254 3007 288 3060 id
319 3007 396 3060 enim
425 3003 648 3075 intelligendum
682 3011 724 3058 est
750 3003 786 3059 de
814 3007 978 3076 sumptione

28 3082 122 3142 itioris
141 3085 260 3155 Christi,
290 3100 363 3156 quae
392 3093 523 3138 censetur
543 3084 606 3137 fieri
626 3085 658 3136 in
679 3090 761 3150 voto,
790 3099 854 3138 cum
880 3086 980 3155 Bapti-

29 3162 82 3207 tons
98 3164 246 3234 suscipitur,
269 3165 347 3234 quod
368 3163 447 3218 idem
461 3165 489 3218 S.
504 3163 588 3217 Pater
609 3160 783 3231 declaravit,
806 3171 838 3216 ut
858 3165 979 3218 refertur

30 3239 72 3316 iil·
89 3237 161 3308 Nudi,
194 3265 218 3314 se
234 3257 344 3299 consec.
365 3243 432 3297 dist.
455 3243 482 3296 4.
506 3242 558 3296 ubi
580 3241 660 3309 dicit,
681 3258 890 3314 unumquemque
902 3243 979 3312 fide·
1045 3271 1052 3287 ε

34 3303 132 3393 limium
144 3327 258 3394 corpeus
280 3333 305 3377 et
325 3325 465 3392 conspuistis
478 3323 594 3374 Domini
598 3323 762 3392 participem
767 3323 835 3392 fieri
841 3362 852 3388 ,1
871 3321 979 3393 quando

38 3391 177 3464 elapsum
196 3389 342 3461 memorum.
360 3404 480 3472 cumeris
503 3401 604 3455 Christi
621 3402 746 3471 efficitur.
817 3454 819 3456 .
855 3419 857 3428 ¹

76 3471 180 3537 Quodsi
199 3482 236 3537 de
256 3485 429 3538 necessitate
445 3481 592 3550 praecepti
614 3481 742 3550 quaestio
763 3478 952 3551 intelligatur,
974 3485 977 3489 '

79 3548 98 3604 i·
129 3558 280 3617 Dicendum
296 3562 328 3618 d.
350 3563 444 3616 vania
458 3561 537 3616 olim*
550 3559 588 3615 da
606 3560 661 3615 hac
681 3573 712 3614 uc
733 3557 861 3614 extitisse
881 3557 981 3612 Eccle-

66 3639 130 3706 Al‘flis
141 3657 230 3702 miuus
243 3658 374 3711 theologica.
403 3656 431 3698 11.
802 3633 822 3696 7
