2316 3866
99 143 166 228 356
503 171 544 220 ιιι
559 171 691 223 nunnus.

105 293 183 356 in'te‘r
203 297 261 351 alin
283 295 417 368 dogmata
438 310 556 351 erronea
583 308 707 352 veterem
736 293 829 370 legem
857 307 998 368 tanquam
1017 303 1106 358 inuti-

108 379 166 432 lem
187 384 214 431 et
242 375 348 430 malam
378 373 584 447 reprobarent:
618 385 716 432 contra
745 393 816 452 qnos
845 379 907 450 agit
927 379 956 433 S.
980 381 1106 452 Epipha-

107 455 174 512 riiur
195 455 306 512 haeresi
329 455 375 510 3l.
399 455 434 510 tt
458 464 486 511 et
506 457 553 510 66.
574 461 604 510 et
619 457 645 510 S.
662 459 841 526 Augustinus
858 458 950 512 variis
973 456 1005 513 ln
1029 459 1105 528 loeis,

105 545 137 590 et
156 538 327 607 praesertim
348 535 401 590 lib.
426 535 463 590 te
484 545 512 590 et
532 533 579 590 22.
602 545 702 590 eontra
716 536 855 591 Faustum
871 537 1086 604 Manichaeum.
1152 579 1153 582 ι

169 615 254 682 Quod
275 630 341 669 vero
363 617 411 668 lex
427 627 502 668 nova
516 617 620 670 melior
640 626 668 671 et
687 616 843 685 perfectior
864 617 902 670 sit
922 618 993 690 lege
1009 621 1102 686 veteri,

107 696 221 750 constat
242 711 278 749 ex
299 694 389 748 variis
410 695 551 763 Apostoli
573 695 645 750 locis
672 696 779 765 passim
803 697 834 750 in
857 698 941 765 epist.
967 699 1007 752 ad
1026 699 1098 753 Rom.
1152 757 1153 764 ι

108 783 138 828 et
165 775 201 828 sd
231 771 295 828 Gal.
325 782 353 827 et
380 767 465 827 liebr.
497 772 523 828 7.
566 774 608 828 ιιι
636 773 673 828 de
699 789 786 829 cansa
810 776 943 830 Christus
967 777 1100 832 Dominus

107 861 230 909 vocatur
258 853 376 905 melioris
406 853 568 907 Testamenti
598 865 730 924 sponsorr
761 861 789 908 et
817 857 878 908 inse
907 856 940 909 id
969 857 1056 912 docet
1081 868 1105 912 et

106 932 213 1002 probat
234 933 261 986 S.
285 929 460 1004 Thomasq
484 931 549 987 tos.
573 942 625 987 art.
650 933 764 988 leta.
1152 947 1153 1002 ι

168 1010 196 1066 2.
240 1008 404 1065 Dicendum
429 1011 456 1066 2.
485 1013 575 1068 veteri
604 1013 662 1084 legi
690 1014 767 1068 solas
795 1013 940 1070 ludaeos
952 1015 1105 1078 obstrictos
1152 1005 1153 1023 ¹

107 1091 217 1157 fuisse3
235 1091 342 1160 legem
364 1105 431 1146 vero
452 1105 556 1145 novam
585 1107 684 1146 omnes
712 1092 828 1147 omnino
852 1094 985 1172 homines
1007 1097 1105 1152 ubivis

108 1172 249 1227 terrarum
271 1169 375 1224 adsui
397 1171 627 1226 observationem
648 1171 786 1240 obligare.
881 1195 886 1202 =

170 1248 255 1317 Quod
277 1249 334 1320 legi
349 1250 439 1304 veteri
454 1249 562 1305 Judnei
582 1248 640 1304 soli
656 1249 787 1304 obstricti
808 1251 927 1322 inerint,
944 1259 1028 1324 patet
1049 1262 1106 1308 tum

108 1345 146 1384 ex
167 1343 210 1395 eo,
218 1319 311 1410 quod
326 1329 396 1382 solis
410 1329 531 1385 ‘Judaeis
549 1331 740 1400 promulgata
752 1331 816 1397 luit,
831 1329 924 1385 Exod
948 1331 987 1385 is
1010 1343 1040 1386 et
1060 1332 1105 1387 20.

110 1417 171 1462 tum
194 1403 278 1464 etiam
302 1423 408 1476 exeo,
438 1407 516 1480 quod
537 1409 622 1463 multi
649 1425 685 1463 ex
707 1410 864 1490 gentilibus
893 1409 1005 1480 absque
1028 1413 1107 1466 illius

108 1483 316 1543 observatione
332 1489 461 1542 salutem
475 1496 542 1542 sunt
563 1484 719 1555 consecuti,
740 1497 772 1542 ut
793 1489 877 1543 docet
898 1491 925 1543 S.
947 1490 1107 1562 Dionysius

108 1581 133 1620 e.
155 1567 184 1620 9.
208 1569 340 1620 eoelestis
361 1567 549 1622 hierarchiae.

146 1643 254 1718 ‚Quod
280 1659 346 1698 vero
374 1645 422 1698 lex
445 1653 527 1700 ‘nova
555 1646 653 1700 omnes
674 1648 811 1701 ¹homines
839 1647 936 1701 ubivis
967 1655 1104 1704 terrarum

105 1722 233 1793 obliget,
262 1723 374 1776 o'ons'tat
401 1737 437 1776 ex
463 1721 527 1794 usp.
557 1727 608 1779 ult.
633 1727 660 1780 S.
683 1725 785 1779 Matth.
813 1716 846 1781 et¹
868 1729 894 1781 S.
917 1727 1027 1794 Marci,
1058 1730 1104 1783 ubi

107 1799 239 1856 Christus
268 1799 409 1856 Dominus
438 1805 588 1874 Apostolis
608 1803 757 1876 injungit,
789 1815 821 1859 ut
852 1807 977 1861 doceant
1008 1823 1102 1864 omnes

105 1888 205 1950 gentes
221 1879 459 1952 et'Evangelium
480 1884 650 1953 praedicent
671 1886 749 1940 omni
769 1887 923 1953 creaturae,
947 1887 1103 1958 edicitque,

105 1960 340 2015 condemnandos
361 1977 437 2030 esse,
467 1963 518 2034 qui
548 1963 663 2018 eredere
691 1979 724 2018 ac
750 1964 842 2036 legem
870 1964 955 2019 illam
978 1969 1104 2036 recipere

106 2040 264 2094 noluerint.

167 2119 330 2174 Dicendum
351 2121 378 2175 3.
400 2121 492 2192 legem
520 2121 647 2176 veterem
676 2121 817 2189 desiisse,
850 2123 941 2194 legem
966 2140 1035 2180 vero
1057 2141 1104 2179 no-

104 2215 172 2253 vem
185 2215 277 2270 nsque
291 2200 329 2253 ad
347 2203 620 2270 consummationem
636 2203 744 2256 saeculi
760 2217 821 2259 esse
834 2213 1091 2272 perseveraturam.

82 2269 84 2274 ’
106 2339 108 2344 ,
166 2277 251 2341 Quod
271 2279 320 2332 lex
334 2289 416 2334 vetus
431 2278 558 2346 desierit,
580 2275 694 2334 constet
714 2289 750 2334 ex
765 2283 852 2334 variis
868 2282 1006 2350 Apostoli
1029 2285 1104 2339 testi-

103 2356 230 2410 moniis:
264 2357 349 2412 llebr.
373 2357 399 2412 i.
409 2357 467 2410 'ubi
477 2359 564 2425 dicit,
588 2361 726 2414 translato
742 2359 907 2416 sacerdotio
922 2363 998 2434 legis
1014 2370 1103 2416 trans·

102 2435 242 2490 lationem
270 2437 375 2491 iactam
403 2451 483 2503 esser
516 2439 621 2507 Ephes.
643 2438 670 2493 2,
698 2439 750 2493 ubi
780 2440 901 2510 loquens
930 2438 968 2494 dc
990 2441 1102 2496 Christo

101 2514 190 2582 dicit,
213 2517 298 2570 illum
319 2517 410 2585 legem
433 2516 633 2572 mandatorum
655 2518 777 2574 decretis
798 2531 966 2574 evacuasse.⁴
1152 2569 1153 2594 ,

164 2595 249 2662 Quod
269 2600 371 2653 autem
386 2596 453 2649 lex
451 2609 530 2650 nova
546 2609 639 2667 usque
654 2597 797 2652 adfinem
811 2599 921 2652 saeculi
935 2615 1099 2668 persevera·
1152 2601 1153 2604 ’

103 2681 169 2728 tura
182 2677 229 2741 sit,
246 2676 326 2728 lirmn
340 2675 413 2730 Fide
424 2675 585 2772 tenendum
599 2691 670 2744 esse,
687 2676 771 2731 donet
785 2679 812 2731 S
827 2678 953 2732 Thomas
970 2694 1019 2750 qu
1038 2678 1098 2733 tot.

106 2758 161 2804 art,
183 2750 211 2804 4.
340 2763 345 2778 f
758 2779 763 2789 ,
798 2791 802 2799 .

164 2829 191 2882 3.
235 2831 410 2897 Quaeresl
433 2851 469 2888 on
490 2835 540 2888 lex
561 2841 642 2888 vetus
664 2842 724 2889 tota
745 2835 870 2890 desierit.
905 2837 1095 2891 Bellarminus
1152 2849 1153 2852 ¹

104 2909 158 2962 lib.
181 2903 495 2968 consummatione
519 2923 584 2981 unp.
607 2913 635 2967 6.
653 2915 817 2980 ’existiman
847 2913 969 2970 desiisse
990 2923 1097 2970 tantum

101 2986 200 3058 quoad
215 2983 428 3043 ceremonialia¹
439 2993 468 3045 st
484 2991 643 3062 judicialia
656 2999 819 3062 praesepta,
842 3009 899 3048 non
919 3009 989 3049 vero
1004 2993 1097 3064 quoad
1152 3055 1153 3062 ι

102 3068 245 3130 morabar
278 3068 380 3124 Suares
402 3085 470 3124 vero
491 3070 544 3125 lib.
564 3071 593 3126 9.
617 3072 659 3126 dc·
676 3073 742 3142 Leg.
765 3071 858 3126 cll.
881 3073 1039 3142 etplure's‘
1053 3074 1099 3127 elii
1152 3099 1153 3104 κ

100 3147 256 3218 Theologi,
278 3160 351 3216 quos
371 3147 483 3202 ibidem
504 3151 582 3216 citet,
605 3151 829 3206 totamssdesiisse
850 3159 992 3222 asserunt,
1014 3155 1097 3207 etiam

102 3225 201 3296 quoad
222 3233 377 3295 praecepte-
397 3229 528 3294 moralis,
550 3233 591 3282 ιιι
612 3237 644 3284 ut
664 3229 804 3301 obligatio
826 3229 864 3285 ad
883 3232 938 3286 illa
958 3231 1097 3288 servanda

102 3307 217 3372 penitus
239 3307 408 3372 cessaverit,
437 3308 468 3359 in
491 3313 630 3378 quonum
658 3310 713 3364 illa
741 3309 802 3382 lege
827 3311 917 3364 veteri
939 3312 1096 3380 praecipie-

102 3379 228 3448 bantur3
261 3385 334 3438 licet
359 3385 495 3454 alioquin
512 3387 550 3440 od
570 3387 671 3442 eadem
698 3389 755 3442 illa
779 3397 933 3458 praesepta
958 3389 1096 3446 servanda

11 3498 21 3504 .
102 3465 161 3508 tam
190 3459 252 3526 lege
279 3467 416 3516 naturae
424 3479 511 3530 quam
539 3465 603 3534 lege
626 3469 799 3538 evangelius
826 3475 992 3522 teneantur:
1025 3482 1094 3538 quae

100 3524 244 3600 posterior
271 3531 413 3635 sententia
438 3539 506 3597 ideo
534 3541 649 3602 uidetur
664 3543 874 3614 probabilior,
894 3547 983 3617 qnod
1007 3547 1093 3634 magis
