2360 3862
347 157 386 204 ne
408 155 622 204 mutinensis.
928 139 985 208 191

54 289 88 334 ene
107 281 197 349 culpari
221 279 345 334 eduum
384 277 459 350 Legi
487 283 582 347 potest
609 275 789 348 Regineldns
816 284 877 334 toto
905 292 929 334 c.
958 277 988 336 8.

53 359 88 412 libri
102 373 173 429 snpre
191 359 272 413 citeti
293 357 330 411 de
350 355 510 427 prudentie
529 355 718 412 confessoris.

81 438 220 509 Requiritur
240 438 327 492 etiem
342 435 519 495 Goulosserii
539 430 697 506 prudentie
716 435 747 490 in
765 434 898 506 juvando
918 453 988 508 poo-

52 518 115 573 iente
131 518 162 572 ed
178 519 246 585 hoe,
271 523 307 571 ut
324 531 423 571 rerem
444 523 473 570 et
492 516 683 572 sufficientem
703 513 742 570 de
761 517 888 586 peccetis
910 530 988 574 com·

51 597 106 651 uineis
126 598 316 652 contritionem
349 596 509 664 concipiet,
541 597 713 664 drmumque
742 596 923 668 propositum
951 598 988 654 de

50 675 111 731 i'eien
125 678 151 730 iu
168 679 293 732 luterum
314 673 471 740 evitandis,
493 682 521 728 et
541 675 573 728 in
598 673 791 748 expendendo
812 675 866 730 illo
888 678 991 746 poeni-

49 757 98 810 tentis
113 757 254 827 proposito,
280 771 317 811 en
339 770 377 810 ex
396 769 465 810 vere
486 753 582 810 cordis
603 755 793 812 conversione
813 753 961 824 procedet.
978 793 981 798 ι

79 835 131 889 lten
145 835 171 892 iu
189 834 351 892 erudiendo
371 835 547 905 poenitente,
570 849 655 904 quem
679 834 883 904 mysteriorum
903 833 989 892 Fidei

49 914 167 970 eletionem
189 929 284 971 rerum
305 914 343 968 ed
368 913 495 969 alutem
518 915 745 970 neomeniarum
772 913 907 986 ignarum
927 930 989 972 esse

49 991 196 1063 deprehendet,
217 1010 308 1065 seque
329 994 361 1048 in
382 991 536 1062 eliciendis
557 991 641 1047 Fidei
662 990 776 1049 actibus
792 993 935 1064 jurando.

84 1071 164 1128 Eeden
175 1075 329 1144 prudentie
343 1073 519 1129 Conleessrii
533 1073 668 1138 similiter
683 1073 840 1142 requiritur
860 1075 892 1128 in
912 1082 991 1129 tren·

47 1151 153 1220 quillsodo
174 1154 349 1224 poenitentis
377 1153 488 1220 enimc,
521 1152 547 1206 si
574 1153 647 1208 forte
673 1152 821 1221 scrupulis
849 1153 993 1223 epitetum

46 1243 84 1284 tere
98 1235 228 1304 percipiet,
256 1248 349 1304 eoque
375 1247 429 1303 per
455 1246 536 1302 spem
562 1238 593 1286 et
614 1230 818 1286 confidentium
844 1231 992 1288 inlisum

46 1309 146 1380 sigeum,
165 1314 188 1367 si
204 1315 307 1368 timore
321 1312 413 1370 nimio
424 1318 478 1368 unt
491 1311 592 1382 ulique
605 1311 817 1382 desperationis
833 1311 992 1370 tentetinue

47 1386 164 1458 depressum
182 1409 240 1450 esse
261 1399 437 1464 eognoscet3
470 1391 517 1448 rel
538 1407 554 1449 e
576 1397 683 1446 contre.

83 1467 221 1528 lecceeerie
234 1479 277 1530 est
292 1486 406 1542 quoqne
427 1469 528 1528 eedem
542 1470 699 1542 prudentie
718 1470 750 1524 in
772 1469 908 1530 remediis
923 1483 994 1526 oon-

47 1545 135 1618 eiliieque
153 1551 223 1622 eptis
243 1560 271 1608 et
284 1549 601 1620 convenientibus'ipsi
614 1549 776 1621 poenitenti
791 1546 993 1623 suggerendis,

45 1631 62 1677 tl
82 1637 172 1695 pecen
198 1632 340 1699 devitere,
366 1631 514 1700 vitemque
541 1632 659 1686 nemine
686 1629 844 1687 christiueo
873 1629 995 1702 lignem

46 1701 115 1761 locere
132 1719 226 1780 qoeet3
257 1726 311 1766 nee
327 1725 386 1766 nen
405 1711 440 1764 in
459 1710 636 1766 mtuurtbus
650 1710 839 1780 poenitentiis
861 1718 890 1766 et
909 1711 993 1768 setis-

45 1781 173 1844 iutionibue
191 1805 244 1862 pro
266 1791 407 1861 qualitate
427 1788 601 1852 delictorum
625 1788 827 1862 injungendis,
857 1797 886 1846 et
905 1789 994 1846 etiem

46 1865 226 1925 restitutionibus
248 1877 306 1927 tum
328 1870 448 1925 hunone
470 1877 498 1924 et
518 1869 621 1936 temne,
643 1877 703 1924 tum
718 1867 862 1926 bonerum
883 1869 993 1927 eliens·

46 1953 93 2010 nn,
110 1949 130 2000 ei
147 1965 224 2005 cesus
245 1950 354 2021 uliquis
375 1949 408 2003 id
427 1949 540 2022 exiget,
561 1947 788 2019 praecipiendis.

79 2023 134 2081 item
151 2031 179 2084 iu
200 2026 400 2099 expendendis
422 2028 666 2100 dispositionibus
691 2028 785 2098 ipsine
806 2028 992 2098 poenitentis,

44 2111 85 2155 ton
103 2106 366 2170 molestationem
394 2108 593 2180 recipiendam
618 2109 795 2164 sufficientes
821 2108 895 2170 sint,
923 2121 995 2166 nem

44 2179 98 2236 sirm
114 2187 239 2258 expediet
265 2188 370 2244 diebus
391 2189 503 2259 eliquot
522 2188 653 2256 differre,
679 2203 716 2242 su
735 2186 856 2242 emniuo
877 2185 926 2242 illi
946 2185 995 2242 de-

43 2268 118 2330 legere.
325 2293 327 2297 ·
970 2312 974 2321 .

77 2339 98 2396 3.
133 2346 211 2402 Circe
241 2347 293 2403 hes
326 2343 422 2402 eutem
457 2347 663 2418 dispositiones
698 2344 905 2416 expendendes
936 2361 995 2400 nen

43 2411 90 2472 lide
115 2425 263 2498 eliqueudo
293 2426 454 2484 iitncuttes
484 2429 624 2494 occurrit,
660 2425 805 2496 quomedo
836 2440 869 2480 ee
899 2439 996 2496 gerere

44 2491 116 2555 debent
127 2505 316 2562 tlenieeserius
334 2521 405 2579 erge
424 2521 482 2574 ens,
504 2509 557 2578 qui
571 2508 690 2577 saepius
709 2506 740 2560 iu
762 2505 863 2560 eedem
875 2511 997 2574 peccate

44 2575 180 2639 niebuutur.
213 2588 310 2658 Atque
330 2588 363 2642 in
382 2587 496 2657 primis
508 2595 618 2642 certum
638 2593 690 2653 est,
712 2583 913 2660 denegandum
935 2596 997 2640 esse

43 2651 210 2720 absolutionem
236 2667 288 2734 iis,
318 2667 371 2738 qui
397 2672 503 2722 steturn
530 2667 643 2736 peccati
671 2666 802 2720 mortuiis
830 2665 996 2736 relinquero

42 2733 131 2806 mlum>
148 2745 239 2813 quoles
258 2752 328 2802 sunt
348 2747 400 2816 qui
420 2746 525 2800 nolunt
544 2746 674 2802 inimicis
693 2744 893 2812 reconciliari,
916 2745 998 2800 resti·

42 2813 103 2866 tuere
118 2819 241 2896 uterum,
270 2842 335 2882 cum
362 2828 477 2894 possint
495 2832 549 2880 etc.
592 2822 733 2880 Similiter
756 2826 842 2880 etiem
863 2825 916 2896 iis,
945 2825 999 2896 qni

42 2891 125 2980 nolunt
140 2906 291 2962 occasiones
311 2905 460 2976 proximos
479 2904 624 2975 peccandi
645 2903 819 2974 relinquere,
846 2915 911 2962 cum
931 2919 999 2976 pos·

42 2977 87 3061 illl
103 2983 125 3028 et
141 2977 270 3040 debueris
304 2986 381 3040 teles-
397 2984 543 3056 siquidem
563 3000 622 3039 nen
639 2991 791 3040 censentur
811 3001 909 3040 rorem
930 2999 999 3039 cou-

44 3051 157 3138 trmenem
175 3063 208 3118 de
226 3065 353 3135 peccetis
374 3065 545 3131 commissis,
569 3073 739 3120 antrorum
759 3067 942 3136 propositum
963 3061 999 3118 de

45 3127 121 3187 nedem
138 3137 165 3192 in
183 3145 312 3201 futurum>
328 3160 386 3200 non
406 3143 622 3200 committendis
643 3144 758 3204 hebere.

85 3209 154 3277 Quod
173 3239 235 3280 reru
262 3231 375 3294 spectet
394 3221 435 3278 ed
454 3239 517 3291 eos,
546 3225 655 3295 quiex
681 3240 758 3281 mers
788 3223 945 3296 fragilitate
966 3221 999 3276 in

47 3285 116 3346 ulem
133 3311 241 3366 peccete
260 3319 347 3374 seepe
367 3303 546 3372 relabuntur,
568 3311 677 3360 certum
698 3311 741 3359 est
761 3304 849 3360 etiem
868 3301 1000 3372 praecise

47 3359 155 3450 {nosnos
180 3382 388 3439 absolutionem
403 3384 473 3439 ,iuis
503 3383 566 3438 deri
593 3397 678 3452 posse
706 3382 804 3450 toties,
833 3381 947 3454 quoties
967 3381 1000 3434 in

47 3453 91 3538 ¹¹³9
105 3468 210 3522 peccate
223 3465 412 3520 relabuntur:
445 3461 600 3518 dummodo
621 3477 687 3516 cum
702 3475 772 3516 vere
792 3461 828 3516 de
849 3460 911 3514 illis
933 3475 1000 3516 eon-

45 3523 131 3588 lrtttone
149 3547 175 3594 et
193 3543 271 3602 tirme
291 3559 349 3599 non
375 3541 501 3613 emplius
529 3539 671 3612 peccandi
698 3539 848 3609 proposito
869 3535 909 3590 sd
929 3537 999 3592 Pee-
