<?xml version="1.0" encoding="UTF-8"?>
<!DOCTYPE html PUBLIC "-//W3C//DTD XHTML 1.0 Transitional//EN"
    "http://www.w3.org/TR/xhtml1/DTD/xhtml1-transitional.dtd">
<html xmlns="http://www.w3.org/1999/xhtml" xml:lang="en" lang="en">
 <head>
  <title>
</title>
<meta http-equiv="Content-Type" content="text/html;charset=utf-8" />
  <meta name='ocr-system' content='tesseract 3.04.00' />
  <meta name='ocr-capabilities' content='ocr_page ocr_carea ocr_par ocr_line ocrx_word'/>
</head>
<body>
  <div class='ocr_page' id='page_1' title='image "./medullatheologi00abelgoog_0383.png"; bbox 0 0 2356 3870; ppageno 0'>
   <div class='ocr_carea' id='block_1_1' title="bbox 149 125 848 194">
    <p class='ocr_par' dir='ltr' id='par_1_1' title="bbox 149 125 848 194">
     <span class='ocr_line' id='line_1_1' title="bbox 149 125 848 194; baseline -0.001 0"><span class='ocrx_word' id='word_1_1' title='bbox 149 125 212 194; x_wconf 72' lang='lat' dir='ltr'><strong>3¹!ss</strong></span> <span class='ocrx_word' id='word_1_2' title='bbox 435 136 475 184; x_wconf 81' lang='lat' dir='ltr'><strong>on</strong></span> <span class='ocrx_word' id='word_1_3' title='bbox 492 139 637 188; x_wconf 73' lang='lat' dir='ltr'><strong>mutuom</strong></span> <span class='ocrx_word' id='word_1_4' title='bbox 657 139 848 194; x_wconf 62' lang='lat' dir='ltr'><strong>raam</strong></span> 
     </span>
    </p>
   </div>
   <div class='ocr_carea' id='block_1_2' title="bbox 145 257 1115 716">
    <p class='ocr_par' dir='ltr' id='par_1_2' title="bbox 145 257 1115 716">
     <span class='ocr_line' id='line_1_2' title="bbox 151 257 1112 328; baseline -0.011 -5"><span class='ocrx_word' id='word_1_5' title='bbox 151 261 236 323; x_wconf 67' lang='lat' dir='ltr'><strong>man</strong></span> <span class='ocrx_word' id='word_1_6' title='bbox 255 259 475 325; x_wconf 72' lang='lat' dir='ltr'><strong>affirmativum,</strong></span> <span class='ocrx_word' id='word_1_7' title='bbox 496 273 554 328; x_wconf 88' lang='lat' dir='ltr'><strong>quo</strong></span> <span class='ocrx_word' id='word_1_8' title='bbox 575 257 666 314; x_wconf 85' lang='lat' dir='ltr'><strong>Deum</strong></span> <span class='ocrx_word' id='word_1_9' title='bbox 688 265 754 314; x_wconf 85' lang='lat' dir='ltr'><strong>actu</strong></span> <span class='ocrx_word' id='word_1_10' title='bbox 769 259 869 328; x_wconf 76' lang='lat' dir='ltr'><strong>aliquo</strong></span> <span class='ocrx_word' id='word_1_11' title='bbox 889 258 992 314; x_wconf 82' lang='lat' dir='ltr'><strong>interno</strong></span> <span class='ocrx_word' id='word_1_12' title='bbox 1009 257 1112 328; x_wconf 78' lang='lat' dir='ltr'><strong>diligere</strong></span> 
     </span>
     <span class='ocr_line' id='line_1_3' title="bbox 149 335 1115 414; baseline -0.008 -16"><span class='ocrx_word' id='word_1_13' title='bbox 149 343 323 414; x_wconf 70' lang='lat' dir='ltr'><strong>obligamur.</strong></span> <span class='ocrx_word' id='word_1_14' title='bbox 358 339 403 394; x_wconf 85' lang='lat' dir='ltr'><strong>Ita</strong></span> <span class='ocrx_word' id='word_1_15' title='bbox 425 340 452 394; x_wconf 86' lang='lat' dir='ltr'><strong>S.</strong></span> <span class='ocrx_word' id='word_1_16' title='bbox 475 337 601 400; x_wconf 75' lang='lat' dir='ltr'><strong>&#39;ihomas</strong></span> <span class='ocrx_word' id='word_1_17' title='bbox 623 345 733 407; x_wconf 67' lang='lat' dir='ltr'><strong>quassa</strong></span> <span class='ocrx_word' id='word_1_18' title='bbox 756 335 804 392; x_wconf 79' lang='lat' dir='ltr'><strong>tt.</strong></span> <span class='ocrx_word' id='word_1_19' title='bbox 826 345 880 393; x_wconf 78' lang='lat' dir='ltr'><strong>art</strong></span> <span class='ocrx_word' id='word_1_20' title='bbox 903 335 927 392; x_wconf 94' lang='lat' dir='ltr'><strong>t.</strong></span> <span class='ocrx_word' id='word_1_21' title='bbox 947 344 973 391; x_wconf 88' lang='lat' dir='ltr'><strong>et</strong></span> <span class='ocrx_word' id='word_1_22' title='bbox 988 337 1115 392; x_wconf 84' lang='lat' dir='ltr'><strong>evidenter</strong></span> 
     </span>
     <span class='ocr_line' id='line_1_4' title="bbox 149 415 1115 484; baseline -0.006 -10"><span class='ocrx_word' id='word_1_23' title='bbox 149 426 265 480; x_wconf 61' lang='lat' dir='ltr'><strong>consta</strong></span> <span class='ocrx_word' id='word_1_24' title='bbox 281 435 326 477; x_wconf 73' lang='lat' dir='ltr'><strong>aa·</strong></span> <span class='ocrx_word' id='word_1_25' title='bbox 339 419 388 474; x_wconf 84' lang='lat' dir='ltr'><strong>bis</strong></span> <span class='ocrx_word' id='word_1_26' title='bbox 408 417 517 478; x_wconf 86' lang='lat' dir='ltr'><strong>Christi</strong></span> <span class='ocrx_word' id='word_1_27' title='bbox 535 416 655 472; x_wconf 80' lang='lat' dir='ltr'><strong>Domini</strong></span> <span class='ocrx_word' id='word_1_28' title='bbox 677 416 818 473; x_wconf 74' lang='lat' dir='ltr'><strong>verbius.</strong></span> <span class='ocrx_word' id='word_1_29' title='bbox 835 415 934 473; x_wconf 78' lang='lat' dir='ltr'><strong>Matri.</strong></span> <span class='ocrx_word' id='word_1_30' title='bbox 955 415 997 470; x_wconf 74' lang='lat'><strong>22.</strong></span> <span class='ocrx_word' id='word_1_31' title='bbox 1024 417 1115 484; x_wconf 70' lang='lat' dir='ltr'><strong>Diliges</strong></span> 
     </span>
     <span class='ocr_line' id='line_1_5' title="bbox 148 494 1114 565; baseline -0.01 -7"><span class='ocrx_word' id='word_1_32' title='bbox 148 501 293 558; x_wconf 68' lang='lat' dir='ltr'><strong>masa</strong></span> <span class='ocrx_word' id='word_1_33' title='bbox 312 499 401 554; x_wconf 79' lang='lat' dir='ltr'><strong>Deam</strong></span> <span class='ocrx_word' id='word_1_34' title='bbox 422 507 494 554; x_wconf 78' lang='lat' dir='ltr'><strong>tuom</strong></span> <span class='ocrx_word' id='word_1_35' title='bbox 516 505 621 552; x_wconf 78' lang='lat' dir='ltr'><strong>aut-toto</strong></span> <span class='ocrx_word' id='word_1_36' title='bbox 643 497 722 554; x_wconf 82' lang='lat' dir='ltr'><strong>corda</strong></span> <span class='ocrx_word' id='word_1_37' title='bbox 744 506 789 553; x_wconf 80' lang='lat' dir='ltr'><strong>teto</strong></span> <span class='ocrx_word' id='word_1_38' title='bbox 810 505 859 554; x_wconf 82' lang='lat' dir='ltr'><strong>etc.</strong></span> <span class='ocrx_word' id='word_1_39' title='bbox 884 495 985 565; x_wconf 84' lang='lat' dir='ltr'><strong>quibus</strong></span> <span class='ocrx_word' id='word_1_40' title='bbox 1002 510 1053 550; x_wconf 83' lang='lat' dir='ltr'><strong>cun</strong></span> <span class='ocrx_word' id='word_1_41' title='bbox 1070 494 1114 550; x_wconf 86' lang='lat' dir='ltr'><strong>ad·</strong></span> 
     </span>
     <span class='ocr_line' id='line_1_6' title="bbox 145 575 1112 654; baseline -0.012 -15"><span class='ocrx_word' id='word_1_42' title='bbox 145 579 248 654; x_wconf 77' lang='lat' dir='ltr'><strong>jungit</strong></span> <span class='ocrx_word' id='word_1_43' title='bbox 267 579 339 634; x_wconf 84' lang='lat' dir='ltr'><strong>baso</strong></span> <span class='ocrx_word' id='word_1_44' title='bbox 366 575 443 634; x_wconf 84' lang='lat' dir='ltr'><strong>aiis:</strong></span> <span class='ocrx_word' id='word_1_45' title='bbox 475 576 536 633; x_wconf 83' lang='lat' dir='ltr'><strong>Hoc</strong></span> <span class='ocrx_word' id='word_1_46' title='bbox 560 585 600 632; x_wconf 80' lang='lat' dir='ltr'><strong>ost</strong></span> <span class='ocrx_word' id='word_1_47' title='bbox 614 577 791 645; x_wconf 68' lang='lat' dir='ltr'><strong>priamus</strong></span> <span class='ocrx_word' id='word_1_48' title='bbox 813 577 954 630; x_wconf 70' lang='lat' dir='ltr'><strong>aesimon</strong></span> <span class='ocrx_word' id='word_1_49' title='bbox 980 577 1112 638; x_wconf 74' lang='lat' dir='ltr'><strong>amiram,</strong></span> 
     </span>
     <span class='ocr_line' id='line_1_7' title="bbox 150 653 966 716; baseline -0.01 0"><span class='ocrx_word' id='word_1_50' title='bbox 150 659 227 716; x_wconf 88' lang='lat' dir='ltr'><strong>illud</strong></span> <span class='ocrx_word' id='word_1_51' title='bbox 248 658 285 714; x_wconf 85' lang='lat' dir='ltr'><strong>ab</strong></span> <span class='ocrx_word' id='word_1_52' title='bbox 307 657 376 712; x_wconf 79' lang='lat' dir='ltr'><strong>aliis</strong></span> <span class='ocrx_word' id='word_1_53' title='bbox 395 653 541 715; x_wconf 78' lang='lat' dir='ltr'><strong>mandatis</strong></span> <span class='ocrx_word' id='word_1_54' title='bbox 561 653 730 712; x_wconf 83' lang='lat' dir='ltr'><strong>distinctum</strong></span> <span class='ocrx_word' id='word_1_55' title='bbox 752 670 816 712; x_wconf 82' lang='lat' dir='ltr'><strong>esao</strong></span> <span class='ocrx_word' id='word_1_56' title='bbox 835 654 966 710; x_wconf 82' lang='lat' dir='ltr'><strong>mteudit.</strong></span> 
     </span>
    </p>
   </div>
   <div class='ocr_carea' id='block_1_3' title="bbox 151 758 1146 1462">
    <p class='ocr_par' dir='ltr' id='par_1_3' title="bbox 151 758 1146 1462">
     <span class='ocr_line' id='line_1_8' title="bbox 212 758 1110 833; baseline -0.01 -14"><span class='ocrx_word' id='word_1_57' title='bbox 212 764 239 819; x_wconf 80' lang='grc'><strong>7.</strong></span> <span class='ocrx_word' id='word_1_58' title='bbox 281 763 420 830; x_wconf 81' lang='lat' dir='ltr'><strong>Quaeres,</strong></span> <span class='ocrx_word' id='word_1_59' title='bbox 457 772 515 830; x_wconf 85' lang='lat' dir='ltr'><strong>quo</strong></span> <span class='ocrx_word' id='word_1_60' title='bbox 546 767 674 833; x_wconf 86' lang='lat' dir='ltr'><strong>tempore</strong></span> <span class='ocrx_word' id='word_1_61' title='bbox 704 768 889 831; x_wconf 75' lang='lat' dir='ltr'><strong>praeseptum</strong></span> <span class='ocrx_word' id='word_1_62' title='bbox 919 758 992 814; x_wconf 90' lang='lat' dir='ltr'><strong>illud</strong></span> <span class='ocrx_word' id='word_1_63' title='bbox 1019 758 1110 828; x_wconf 82' lang='lat' dir='ltr'><strong>obliget.</strong></span> 
     </span>
     <span class='ocr_line' id='line_1_9' title="bbox 151 837 1112 914; baseline -0.011 -13"><span class='ocrx_word' id='word_1_64' title='bbox 151 841 354 914; x_wconf 83' lang='lat' dir='ltr'><strong>Respondetur</strong></span> <span class='ocrx_word' id='word_1_65' title='bbox 376 838 402 894; x_wconf 90' lang='lat' dir='ltr'><strong>t.</strong></span> <span class='ocrx_word' id='word_1_66' title='bbox 430 845 540 894; x_wconf 87' lang='lat' dir='ltr'><strong>certum</strong></span> <span class='ocrx_word' id='word_1_67' title='bbox 568 846 686 894; x_wconf 71' lang='lat' dir='ltr'><strong>noscet</strong></span> <span class='ocrx_word' id='word_1_68' title='bbox 703 841 744 892; x_wconf 74' lang='lat' dir='ltr'><strong>&#39;in</strong></span> <span class='ocrx_word' id='word_1_69' title='bbox 775 841 907 895; x_wconf 79' lang='lat' dir='ltr'><strong>confesso</strong></span> <span class='ocrx_word' id='word_1_70' title='bbox 936 837 1007 909; x_wconf 84' lang='lat' dir='ltr'><strong>apud</strong></span> <span class='ocrx_word' id='word_1_71' title='bbox 1028 852 1112 903; x_wconf 78' lang='lat' dir='ltr'><strong>omum,</strong></span> 
     </span>
     <span class='ocr_line' id='line_1_10' title="bbox 151 915 1116 986; baseline -0.011 -6"><span class='ocrx_word' id='word_1_72' title='bbox 151 933 221 980; x_wconf 88' lang='lat' dir='ltr'><strong>tunc</strong></span> <span class='ocrx_word' id='word_1_73' title='bbox 246 933 301 976; x_wconf 82' lang='lat' dir='ltr'><strong>nas</strong></span> <span class='ocrx_word' id='word_1_74' title='bbox 326 915 364 974; x_wconf 86' lang='lat' dir='ltr'><strong>ad</strong></span> <span class='ocrx_word' id='word_1_75' title='bbox 392 926 488 974; x_wconf 87' lang='lat' dir='ltr'><strong>actum</strong></span> <span class='ocrx_word' id='word_1_76' title='bbox 516 919 646 972; x_wconf 88' lang='lat' dir='ltr'><strong>caritatis</strong></span> <span class='ocrx_word' id='word_1_77' title='bbox 675 919 852 974; x_wconf 87' lang='lat' dir='ltr'><strong>eliciendum</strong></span> <span class='ocrx_word' id='word_1_78' title='bbox 881 919 983 986; x_wconf 87' lang='lat' dir='ltr'><strong>teneti,</strong></span> <span class='ocrx_word' id='word_1_79' title='bbox 1010 927 1065 972; x_wconf 87' lang='lat' dir='ltr'><strong>eum</strong></span> <span class='ocrx_word' id='word_1_80' title='bbox 1088 915 1116 970; x_wconf 88' lang='lat' dir='ltr'><strong>ad</strong></span> 
     </span>
     <span class='ocr_line' id='line_1_11' title="bbox 151 997 1117 1070; baseline -0.009 -12"><span class='ocrx_word' id='word_1_81' title='bbox 151 1010 246 1058; x_wconf 83' lang='lat' dir='ltr'><strong>actum</strong></span> <span class='ocrx_word' id='word_1_82' title='bbox 275 999 419 1070; x_wconf 78' lang='lat' dir='ltr'><strong>perlectae</strong></span> <span class='ocrx_word' id='word_1_83' title='bbox 451 997 636 1053; x_wconf 76' lang='lat' dir='ltr'><strong>contritionis</strong></span> <span class='ocrx_word' id='word_1_84' title='bbox 667 997 843 1052; x_wconf 79' lang='lat' dir='ltr'><strong>eliciendum</strong></span> <span class='ocrx_word' id='word_1_85' title='bbox 874 998 1040 1070; x_wconf 82' lang='lat' dir='ltr'><strong>obligemur=</strong></span> <span class='ocrx_word' id='word_1_86' title='bbox 1070 997 1117 1050; x_wconf 82' lang='lat' dir='ltr'><strong>sire</strong></span> 
     </span>
     <span class='ocr_line' id='line_1_12' title="bbox 152 1077 1146 1146; baseline -0.008 -9"><span class='ocrx_word' id='word_1_87' title='bbox 152 1084 183 1137; x_wconf 90' lang='lat' dir='ltr'><strong>tn</strong></span> <span class='ocrx_word' id='word_1_88' title='bbox 204 1080 328 1138; x_wconf 84' lang='lat' dir='ltr'><strong>articulo</strong></span> <span class='ocrx_word' id='word_1_89' title='bbox 349 1079 464 1146; x_wconf 86' lang='lat' dir='ltr'><strong>mortis,</strong></span> <span class='ocrx_word' id='word_1_90' title='bbox 490 1093 555 1133; x_wconf 91' lang='lat' dir='ltr'><strong>cum</strong></span> <span class='ocrx_word' id='word_1_91' title='bbox 575 1077 663 1134; x_wconf 85' lang='lat' dir='ltr'><strong>aliter</strong></span> <span class='ocrx_word' id='word_1_92' title='bbox 683 1077 745 1132; x_wconf 88' lang='lat' dir='ltr'><strong>Deo</strong></span> <span class='ocrx_word' id='word_1_93' title='bbox 765 1078 950 1134; x_wconf 81' lang='lat' dir='ltr'><strong>reconciliari</strong></span> <span class='ocrx_word' id='word_1_94' title='bbox 969 1093 1020 1132; x_wconf 90' lang='lat' dir='ltr'><strong>uon</strong></span> <span class='ocrx_word' id='word_1_95' title='bbox 1037 1091 1121 1146; x_wconf 86' lang='lat' dir='ltr'><strong>possu-</strong></span> <span class='ocrx_word' id='word_1_96' title='bbox 1145 1131 1146 1138; x_wconf 38' lang='lat'><strong>,</strong></span> 
     </span>
     <span class='ocr_line' id='line_1_13' title="bbox 152 1155 1121 1228; baseline -0.009 -13"><span class='ocrx_word' id='word_1_97' title='bbox 152 1177 233 1226; x_wconf 85' lang='lat' dir='ltr'><strong>mus,</strong></span> <span class='ocrx_word' id='word_1_98' title='bbox 255 1161 317 1213; x_wconf 83' lang='lat' dir='ltr'><strong>sive</strong></span> <span class='ocrx_word' id='word_1_99' title='bbox 339 1174 403 1213; x_wconf 89' lang='lat' dir='ltr'><strong>cum</strong></span> <span class='ocrx_word' id='word_1_100' title='bbox 425 1159 456 1211; x_wconf 94' lang='lat' dir='ltr'><strong>in</strong></span> <span class='ocrx_word' id='word_1_101' title='bbox 478 1165 554 1212; x_wconf 85' lang='lat' dir='ltr'><strong>statu</strong></span> <span class='ocrx_word' id='word_1_102' title='bbox 574 1157 690 1228; x_wconf 87' lang='lat' dir='ltr'><strong>peccati</strong></span> <span class='ocrx_word' id='word_1_103' title='bbox 709 1158 840 1214; x_wconf 84' lang='lat' dir='ltr'><strong>mortalis</strong></span> <span class='ocrx_word' id='word_1_104' title='bbox 863 1158 1061 1213; x_wconf 73' lang='lat' dir='ltr'><strong>Sacramentum</strong></span> <span class='ocrx_word' id='word_1_105' title='bbox 1080 1155 1121 1208; x_wconf 87' lang='lat' dir='ltr'><strong>ali-</strong></span> 
     </span>
     <span class='ocr_line' id='line_1_14' title="bbox 153 1234 1120 1312; baseline -0.008 -18"><span class='ocrx_word' id='word_1_106' title='bbox 153 1236 232 1312; x_wconf 90' lang='lat' dir='ltr'><strong>quod</strong></span> <span class='ocrx_word' id='word_1_107' title='bbox 253 1239 415 1308; x_wconf 73' lang='lat' dir='ltr'><strong>suscepturi</strong></span> <span class='ocrx_word' id='word_1_108' title='bbox 435 1237 482 1292; x_wconf 83' lang='lat' dir='ltr'><strong>vel</strong></span> <span class='ocrx_word' id='word_1_109' title='bbox 509 1236 740 1292; x_wconf 73' lang='lat' dir='ltr'><strong>administraturi</strong></span> <span class='ocrx_word' id='word_1_110' title='bbox 768 1251 880 1304; x_wconf 88' lang='lat' dir='ltr'><strong>sumus,</strong></span> <span class='ocrx_word' id='word_1_111' title='bbox 911 1237 1036 1308; x_wconf 76' lang='lat' dir='ltr'><strong>deestque</strong></span> <span class='ocrx_word' id='word_1_112' title='bbox 1053 1234 1120 1304; x_wconf 87' lang='lat' dir='ltr'><strong>copia</strong></span> 
     </span>
     <span class='ocr_line' id='line_1_15' title="bbox 154 1315 1121 1386; baseline -0.009 -11"><span class='ocrx_word' id='word_1_113' title='bbox 154 1317 350 1385; x_wconf 79' lang='lat' dir='ltr'><strong>confessarii3</strong></span> <span class='ocrx_word' id='word_1_114' title='bbox 382 1325 462 1371; x_wconf 84' lang='lat' dir='ltr'><strong>sutus</strong></span> <span class='ocrx_word' id='word_1_115' title='bbox 488 1317 565 1371; x_wconf 91' lang='lat' dir='ltr'><strong>enim</strong></span> <span class='ocrx_word' id='word_1_116' title='bbox 586 1317 730 1386; x_wconf 81' lang='lat' dir='ltr'><strong>perlectae</strong></span> <span class='ocrx_word' id='word_1_117' title='bbox 752 1317 934 1372; x_wconf 79' lang='lat' dir='ltr'><strong>contritionis</strong></span> <span class='ocrx_word' id='word_1_118' title='bbox 956 1319 1062 1371; x_wconf 86' lang='lat' dir='ltr'><strong>caritate</strong></span> <span class='ocrx_word' id='word_1_119' title='bbox 1079 1315 1121 1367; x_wconf 90' lang='lat' dir='ltr'><strong>tor·</strong></span> 
     </span>
     <span class='ocr_line' id='line_1_16' title="bbox 154 1393 1060 1462; baseline -0.004 -8"><span class='ocrx_word' id='word_1_120' title='bbox 154 1400 229 1454; x_wconf 84' lang='lat' dir='ltr'><strong>mari</strong></span> <span class='ocrx_word' id='word_1_121' title='bbox 249 1397 345 1462; x_wconf 86' lang='lat' dir='ltr'><strong>debet,</strong></span> <span class='ocrx_word' id='word_1_122' title='bbox 373 1403 405 1452; x_wconf 92' lang='lat' dir='ltr'><strong>ut</strong></span> <span class='ocrx_word' id='word_1_123' title='bbox 424 1395 548 1450; x_wconf 86' lang='lat' dir='ltr'><strong>habetur</strong></span> <span class='ocrx_word' id='word_1_124' title='bbox 568 1397 599 1448; x_wconf 90' lang='lat' dir='ltr'><strong>iu</strong></span> <span class='ocrx_word' id='word_1_125' title='bbox 620 1395 709 1450; x_wconf 83' lang='lat' dir='ltr'><strong>Coae.</strong></span> <span class='ocrx_word' id='word_1_126' title='bbox 733 1393 814 1449; x_wconf 57' lang='lat' dir='ltr'><strong>Tritia</strong></span> <span class='ocrx_word' id='word_1_127' title='bbox 836 1409 904 1449; x_wconf 86' lang='lat' dir='ltr'><strong>sess.</strong></span> <span class='ocrx_word' id='word_1_128' title='bbox 928 1395 972 1450; x_wconf 81' lang='lat' dir='ltr'><strong>ta.</strong></span> <span class='ocrx_word' id='word_1_129' title='bbox 993 1411 1012 1450; x_wconf 88' lang='lat' dir='ltr'><strong>c.</strong></span> <span class='ocrx_word' id='word_1_130' title='bbox 1034 1396 1060 1450; x_wconf 80' lang='grc'><strong>4.</strong></span> 
     </span>
    </p>
   </div>
   <div class='ocr_carea' id='block_1_4' title="bbox 123 1474 1147 2998">
    <p class='ocr_par' dir='ltr' id='par_1_4' title="bbox 151 1474 1147 2128">
     <span class='ocr_line' id='line_1_17' title="bbox 194 1474 1147 1575; baseline -0.008 -17"><span class='ocrx_word' id='word_1_131' title='bbox 194 1499 416 1575; x_wconf 50' lang='lat' dir='ltr'><strong>,Respondeas</strong></span> <span class='ocrx_word' id='word_1_132' title='bbox 443 1498 469 1554; x_wconf 76' lang='grc'><strong>2.</strong></span> <span class='ocrx_word' id='word_1_133' title='bbox 497 1499 651 1571; x_wconf 83' lang='lat' dir='ltr'><strong>probabile</strong></span> <span class='ocrx_word' id='word_1_134' title='bbox 680 1515 754 1568; x_wconf 84' lang='lat' dir='ltr'><strong>esse,</strong></span> <span class='ocrx_word' id='word_1_135' title='bbox 783 1501 861 1570; x_wconf 92' lang='lat' dir='ltr'><strong>quod</strong></span> <span class='ocrx_word' id='word_1_136' title='bbox 881 1499 1017 1555; x_wconf 86' lang='lat' dir='ltr'><strong>Navarrus</strong></span> <span class='ocrx_word' id='word_1_137' title='bbox 1046 1515 1067 1554; x_wconf 89' lang='lat' dir='ltr'><strong>c.</strong></span> <span class='ocrx_word' id='word_1_138' title='bbox 1088 1495 1121 1552; x_wconf 88' lang='lat' dir='ltr'><strong>ii.</strong></span> <span class='ocrx_word' id='word_1_139' title='bbox 1146 1474 1147 1546; x_wconf 69' lang='lat' dir='ltr'><strong>i</strong></span> 
     </span>
     <span class='ocr_line' id='line_1_18' title="bbox 153 1571 1147 1656; baseline -0.009 -18"><span class='ocrx_word' id='word_1_140' title='bbox 153 1600 232 1638; x_wconf 89' lang='lat' dir='ltr'><strong>num.</strong></span> <span class='ocrx_word' id='word_1_141' title='bbox 255 1581 283 1636; x_wconf 86' lang='lat'><strong>8.</strong></span> <span class='ocrx_word' id='word_1_142' title='bbox 306 1589 334 1634; x_wconf 86' lang='lat' dir='ltr'><strong>et</strong></span> <span class='ocrx_word' id='word_1_143' title='bbox 355 1580 472 1650; x_wconf 91' lang='lat' dir='ltr'><strong>quidam</strong></span> <span class='ocrx_word' id='word_1_144' title='bbox 495 1581 547 1634; x_wconf 87' lang='lat' dir='ltr'><strong>alii</strong></span> <span class='ocrx_word' id='word_1_145' title='bbox 573 1579 694 1656; x_wconf 83' lang='lat' dir='ltr'><strong>docent,</strong></span> <span class='ocrx_word' id='word_1_146' title='bbox 721 1579 867 1634; x_wconf 88' lang='lat' dir='ltr'><strong>hominem</strong></span> <span class='ocrx_word' id='word_1_147' title='bbox 896 1580 933 1635; x_wconf 84' lang='lat' dir='ltr'><strong>ad</strong></span> <span class='ocrx_word' id='word_1_148' title='bbox 960 1589 1048 1635; x_wconf 85' lang='lat' dir='ltr'><strong>actum</strong></span> <span class='ocrx_word' id='word_1_149' title='bbox 1068 1578 1122 1633; x_wconf 88' lang='lat' dir='ltr'><strong>cari·</strong></span> <span class='ocrx_word' id='word_1_150' title='bbox 1146 1571 1147 1618; x_wconf 72' lang='grc' dir='ltr'>ἶ</span> 
     </span>
     <span class='ocr_line' id='line_1_19' title="bbox 154 1657 1122 1728; baseline -0.007 -12"><span class='ocrx_word' id='word_1_151' title='bbox 154 1663 220 1716; x_wconf 85' lang='lat' dir='ltr'><strong>tatis</strong></span> <span class='ocrx_word' id='word_1_152' title='bbox 242 1657 434 1714; x_wconf 81' lang='lat' dir='ltr'><strong>exercendum</strong></span> <span class='ocrx_word' id='word_1_153' title='bbox 456 1657 592 1728; x_wconf 86' lang='lat' dir='ltr'><strong>obligari,</strong></span> <span class='ocrx_word' id='word_1_154' title='bbox 619 1657 670 1712; x_wconf 94' lang='lat' dir='ltr'><strong>ubi</strong></span> <span class='ocrx_word' id='word_1_155' title='bbox 691 1659 817 1728; x_wconf 90' lang='lat' dir='ltr'><strong>primum</strong></span> <span class='ocrx_word' id='word_1_156' title='bbox 838 1661 963 1714; x_wconf 82' lang='lat' dir='ltr'><strong>rationis</strong></span> <span class='ocrx_word' id='word_1_157' title='bbox 979 1676 1057 1715; x_wconf 87' lang='lat' dir='ltr'><strong>usum</strong></span> <span class='ocrx_word' id='word_1_158' title='bbox 1075 1657 1122 1712; x_wconf 86' lang='lat' dir='ltr'><strong>ade-</strong></span> 
     </span>
     <span class='ocr_line' id='line_1_20' title="bbox 151 1737 1122 1812; baseline -0.004 -19"><span class='ocrx_word' id='word_1_159' title='bbox 151 1746 218 1812; x_wconf 89' lang='lat' dir='ltr'><strong>ptus</strong></span> <span class='ocrx_word' id='word_1_160' title='bbox 240 1747 290 1805; x_wconf 86' lang='lat' dir='ltr'><strong>est,</strong></span> <span class='ocrx_word' id='word_1_161' title='bbox 313 1739 428 1808; x_wconf 87' lang='lat' dir='ltr'><strong>ipsique</strong></span> <span class='ocrx_word' id='word_1_162' title='bbox 443 1737 618 1791; x_wconf 81' lang='lat' dir='ltr'><strong>sulicienter</strong></span> <span class='ocrx_word' id='word_1_163' title='bbox 638 1739 800 1804; x_wconf 85' lang='lat' dir='ltr'><strong>innotescit,</strong></span> <span class='ocrx_word' id='word_1_164' title='bbox 824 1737 915 1793; x_wconf 90' lang='lat' dir='ltr'><strong>Deum</strong></span> <span class='ocrx_word' id='word_1_165' title='bbox 934 1755 992 1794; x_wconf 87' lang='lat' dir='ltr'><strong>esse</strong></span> <span class='ocrx_word' id='word_1_166' title='bbox 1006 1753 1122 1792; x_wconf 82' lang='lat' dir='ltr'><strong>summan</strong></span> 
     </span>
     <span class='ocr_line' id='line_1_21' title="bbox 154 1815 1122 1890; baseline -0.007 -16"><span class='ocrx_word' id='word_1_167' title='bbox 154 1818 263 1874; x_wconf 88' lang='lat' dir='ltr'><strong>bonum</strong></span> <span class='ocrx_word' id='word_1_168' title='bbox 285 1825 313 1870; x_wconf 86' lang='lat' dir='ltr'><strong>et</strong></span> <span class='ocrx_word' id='word_1_169' title='bbox 335 1817 468 1874; x_wconf 91' lang='lat' dir='ltr'><strong>ultimum</strong></span> <span class='ocrx_word' id='word_1_170' title='bbox 491 1815 592 1888; x_wconf 86' lang='lat' dir='ltr'><strong>finem,</strong></span> <span class='ocrx_word' id='word_1_171' title='bbox 622 1817 765 1890; x_wconf 85' lang='lat' dir='ltr'><strong>adquam</strong></span> <span class='ocrx_word' id='word_1_172' title='bbox 794 1834 822 1871; x_wconf 87' lang='lat' dir='ltr'><strong>se</strong></span> <span class='ocrx_word' id='word_1_173' title='bbox 845 1834 952 1889; x_wconf 89' lang='lat' dir='ltr'><strong>suaque</strong></span> <span class='ocrx_word' id='word_1_174' title='bbox 981 1819 1070 1872; x_wconf 85' lang='lat' dir='ltr'><strong>omnia</strong></span> <span class='ocrx_word' id='word_1_175' title='bbox 1086 1831 1122 1885; x_wconf 88' lang='lat' dir='ltr'><strong>per</strong></span> 
     </span>
     <span class='ocr_line' id='line_1_22' title="bbox 154 1893 1121 1968; baseline -0.006 -15"><span class='ocrx_word' id='word_1_176' title='bbox 154 1897 282 1954; x_wconf 86' lang='lat' dir='ltr'><strong>caritatis</strong></span> <span class='ocrx_word' id='word_1_177' title='bbox 297 1903 396 1968; x_wconf 23' lang='lat' dir='ltr'><strong>,actum</strong></span> <span class='ocrx_word' id='word_1_178' title='bbox 414 1895 548 1951; x_wconf 85' lang='lat' dir='ltr'><strong>ordinare</strong></span> <span class='ocrx_word' id='word_1_179' title='bbox 560 1902 672 1951; x_wconf 88' lang='lat' dir='ltr'><strong>tenetur</strong></span> <span class='ocrx_word' id='word_1_180' title='bbox 684 1914 692 1966; x_wconf 68' lang='grc' dir='ltr'><strong><em>ς</em></strong></span> <span class='ocrx_word' id='word_1_181' title='bbox 724 1899 856 1968; x_wconf 88' lang='lat' dir='ltr'><strong>quamvis</strong></span> <span class='ocrx_word' id='word_1_182' title='bbox 867 1897 1014 1952; x_wconf 87' lang='lat' dir='ltr'><strong>Bonucinu</strong></span> <span class='ocrx_word' id='word_1_183' title='bbox 1028 1897 1091 1965; x_wconf 87' lang='lat' dir='ltr'><strong>disp.</strong></span> <span class='ocrx_word' id='word_1_184' title='bbox 1103 1893 1121 1947; x_wconf 82' lang='grc'><strong>3.</strong></span> 
     </span>
     <span class='ocr_line' id='line_1_23' title="bbox 155 1970 1122 2050; baseline -0.005 -20"><span class='ocrx_word' id='word_1_185' title='bbox 155 1975 190 2031; x_wconf 90' lang='lat' dir='ltr'><strong>dc</strong></span> <span class='ocrx_word' id='word_1_186' title='bbox 207 1977 288 2034; x_wconf 80' lang='lat' dir='ltr'><strong>carii.</strong></span> <span class='ocrx_word' id='word_1_187' title='bbox 312 1991 360 2048; x_wconf 91' lang='lat' dir='ltr'><strong>qu.</strong></span> <span class='ocrx_word' id='word_1_188' title='bbox 382 1970 410 2032; x_wconf 79' lang='lat'><strong>4.</strong></span> <span class='ocrx_word' id='word_1_189' title='bbox 426 1984 524 2044; x_wconf 88' lang='lat' dir='ltr'><strong>punct.</strong></span> <span class='ocrx_word' id='word_1_190' title='bbox 548 1974 575 2029; x_wconf 85' lang='lat'><strong>2.</strong></span> <span class='ocrx_word' id='word_1_191' title='bbox 599 1982 627 2030; x_wconf 90' lang='lat' dir='ltr'><strong>et</strong></span> <span class='ocrx_word' id='word_1_192' title='bbox 647 1977 700 2031; x_wconf 88' lang='lat' dir='ltr'><strong>alii</strong></span> <span class='ocrx_word' id='word_1_193' title='bbox 716 1977 857 2050; x_wconf 85' lang='lat' dir='ltr'><strong>Theologi</strong></span> <span class='ocrx_word' id='word_1_194' title='bbox 878 1985 980 2048; x_wconf 84' lang='lat' dir='ltr'><strong>negent</strong></span> <span class='ocrx_word' id='word_1_195' title='bbox 996 1975 1031 2030; x_wconf 87' lang='lat' dir='ltr'><strong>ud</strong></span> <span class='ocrx_word' id='word_1_196' title='bbox 1050 1982 1122 2030; x_wconf 85' lang='lat' dir='ltr'><strong>uctuu</strong></span> 
     </span>
     <span class='ocr_line' id='line_1_24' title="bbox 155 2053 1123 2128; baseline -0.009 -17"><span class='ocrx_word' id='word_1_197' title='bbox 155 2057 282 2111; x_wconf 83' lang='lat' dir='ltr'><strong>caritatis</strong></span> <span class='ocrx_word' id='word_1_198' title='bbox 304 2062 372 2110; x_wconf 89' lang='lat' dir='ltr'><strong>tuuc</strong></span> <span class='ocrx_word' id='word_1_199' title='bbox 394 2053 571 2110; x_wconf 87' lang='lat' dir='ltr'><strong>eliciendum</strong></span> <span class='ocrx_word' id='word_1_200' title='bbox 597 2054 757 2128; x_wconf 89' lang='lat' dir='ltr'><strong>obligatum</strong></span> <span class='ocrx_word' id='word_1_201' title='bbox 779 2073 840 2112; x_wconf 86' lang='lat' dir='ltr'><strong>esse</strong></span> <span class='ocrx_word' id='word_1_202' title='bbox 861 2055 914 2110; x_wconf 89' lang='lat' dir='ltr'><strong>sub</strong></span> <span class='ocrx_word' id='word_1_203' title='bbox 937 2063 1015 2111; x_wconf 88' lang='lat' dir='ltr'><strong>reatu</strong></span> <span class='ocrx_word' id='word_1_204' title='bbox 1035 2053 1123 2126; x_wconf 82' lang='lat' dir='ltr'><strong>peceati</strong></span> 
     </span>
    </p>

    <p class='ocr_par' dir='ltr' id='par_1_5' title="bbox 123 2133 1127 2686">
     <span class='ocr_line' id='line_1_25' title="bbox 123 2133 1124 2204; baseline -0.009 -12"><span class='ocrx_word' id='word_1_205' title='bbox 123 2147 125 2152; x_wconf 82' lang='grc'>’</span> <span class='ocrx_word' id='word_1_206' title='bbox 156 2135 294 2192; x_wconf 87' lang='lat' dir='ltr'><strong>mortalis.</strong></span> <span class='ocrx_word' id='word_1_207' title='bbox 339 2133 490 2204; x_wconf 83' lang='lat' dir='ltr'><strong>Quidquid</strong></span> <span class='ocrx_word' id='word_1_208' title='bbox 519 2135 556 2188; x_wconf 88' lang='lat' dir='ltr'><strong>sit</strong></span> <span class='ocrx_word' id='word_1_209' title='bbox 583 2141 677 2190; x_wconf 85' lang='lat' dir='ltr'><strong>autern</strong></span> <span class='ocrx_word' id='word_1_210' title='bbox 706 2133 741 2189; x_wconf 87' lang='lat' dir='ltr'><strong>de</strong></span> <span class='ocrx_word' id='word_1_211' title='bbox 769 2137 822 2190; x_wconf 86' lang='lat' dir='ltr'><strong>illa</strong></span> <span class='ocrx_word' id='word_1_212' title='bbox 848 2135 971 2190; x_wconf 85' lang='lat' dir='ltr'><strong>Navarri</strong></span> <span class='ocrx_word' id='word_1_213' title='bbox 999 2133 1124 2195; x_wconf 81' lang='lat' dir='ltr'><strong>sententia,</strong></span> 
     </span>
     <span class='ocr_line' id='line_1_26' title="bbox 156 2212 1125 2287; baseline -0.009 -16"><span class='ocrx_word' id='word_1_214' title='bbox 156 2215 355 2271; x_wconf 88' lang='lat' dir='ltr'><strong>indubitatum</strong></span> <span class='ocrx_word' id='word_1_215' title='bbox 373 2224 420 2287; x_wconf 18' lang='lat' dir='ltr'><strong>&#39;est</strong></span> <span class='ocrx_word' id='word_1_216' title='bbox 441 2213 518 2284; x_wconf 90' lang='lat' dir='ltr'><strong>apud</strong></span> <span class='ocrx_word' id='word_1_217' title='bbox 540 2229 652 2281; x_wconf 86' lang='lat' dir='ltr'><strong>omues,</strong></span> <span class='ocrx_word' id='word_1_218' title='bbox 683 2212 864 2270; x_wconf 89' lang='lat' dir='ltr'><strong>omissionem</strong></span> <span class='ocrx_word' id='word_1_219' title='bbox 894 2215 976 2269; x_wconf 88' lang='lat' dir='ltr'><strong>iilam</strong></span> <span class='ocrx_word' id='word_1_220' title='bbox 1004 2231 1058 2270; x_wconf 89' lang='lat' dir='ltr'><strong>nou</strong></span> <span class='ocrx_word' id='word_1_221' title='bbox 1081 2213 1125 2266; x_wconf 87' lang='lat' dir='ltr'><strong>iore</strong></span> 
     </span>
     <span class='ocr_line' id='line_1_27' title="bbox 155 2291 1125 2366; baseline -0.006 -18"><span class='ocrx_word' id='word_1_222' title='bbox 155 2302 306 2365; x_wconf 85' lang='lat' dir='ltr'><strong>peccatum</strong></span> <span class='ocrx_word' id='word_1_223' title='bbox 328 2293 447 2348; x_wconf 80' lang='lat' dir='ltr'><strong>mortale</strong></span> <span class='ocrx_word' id='word_1_224' title='bbox 469 2293 499 2346; x_wconf 92' lang='lat' dir='ltr'><strong>iu</strong></span> <span class='ocrx_word' id='word_1_225' title='bbox 522 2310 570 2360; x_wconf 87' lang='lat' dir='ltr'><strong>eo,</strong></span> <span class='ocrx_word' id='word_1_226' title='bbox 600 2294 650 2364; x_wconf 89' lang='lat' dir='ltr'><strong>qui</strong></span> <span class='ocrx_word' id='word_1_227' title='bbox 673 2291 708 2347; x_wconf 89' lang='lat' dir='ltr'><strong>de</strong></span> <span class='ocrx_word' id='word_1_228' title='bbox 729 2295 783 2349; x_wconf 87' lang='lat' dir='ltr'><strong>ilia</strong></span> <span class='ocrx_word' id='word_1_229' title='bbox 804 2293 980 2366; x_wconf 78' lang='lat' dir='ltr'><strong>obligatione</strong></span> <span class='ocrx_word' id='word_1_230' title='bbox 1002 2295 1071 2348; x_wconf 87' lang='lat' dir='ltr'><strong>nibil</strong></span> <span class='ocrx_word' id='word_1_231' title='bbox 1088 2306 1125 2344; x_wconf 91' lang='lat' dir='ltr'><strong>uu·</strong></span> 
     </span>
     <span class='ocr_line' id='line_1_28' title="bbox 156 2369 1127 2446; baseline -0.007 -18"><span class='ocrx_word' id='word_1_232' title='bbox 156 2387 242 2446; x_wconf 83' lang='lat' dir='ltr'><strong>quam</strong></span> <span class='ocrx_word' id='word_1_233' title='bbox 264 2369 433 2440; x_wconf 85' lang='lat' dir='ltr'><strong>audivisset,</strong></span> <span class='ocrx_word' id='word_1_234' title='bbox 456 2381 505 2428; x_wconf 86' lang='lat' dir='ltr'><strong>aut</strong></span> <span class='ocrx_word' id='word_1_235' title='bbox 526 2387 667 2442; x_wconf 79' lang='lat' dir='ltr'><strong>nusquam</strong></span> <span class='ocrx_word' id='word_1_236' title='bbox 683 2377 831 2446; x_wconf 78' lang='lat' dir='ltr'><strong>cogitaret,</strong></span> <span class='ocrx_word' id='word_1_237' title='bbox 854 2390 882 2426; x_wconf 87' lang='lat' dir='ltr'><strong>se</strong></span> <span class='ocrx_word' id='word_1_238' title='bbox 905 2373 941 2428; x_wconf 90' lang='lat' dir='ltr'><strong>ad</strong></span> <span class='ocrx_word' id='word_1_239' title='bbox 963 2381 1054 2428; x_wconf 86' lang='lat' dir='ltr'><strong>actum</strong></span> <span class='ocrx_word' id='word_1_240' title='bbox 1073 2369 1127 2426; x_wconf 85' lang='lat' dir='ltr'><strong>tari-</strong></span> 
     </span>
     <span class='ocr_line' id='line_1_29' title="bbox 156 2451 1125 2528; baseline -0.006 -21"><span class='ocrx_word' id='word_1_241' title='bbox 156 2453 223 2508; x_wconf 86' lang='lat' dir='ltr'><strong>tatis</strong></span> <span class='ocrx_word' id='word_1_242' title='bbox 246 2451 420 2506; x_wconf 86' lang='lat' dir='ltr'><strong>eliciendum</strong></span> <span class='ocrx_word' id='word_1_243' title='bbox 450 2451 588 2524; x_wconf 82' lang='lat' dir='ltr'><strong>obligari,</strong></span> <span class='ocrx_word' id='word_1_244' title='bbox 617 2454 664 2528; x_wconf 86' lang='lat' dir='ltr'><strong>vel</strong></span> <span class='ocrx_word' id='word_1_245' title='bbox 693 2455 743 2523; x_wconf 93' lang='lat' dir='ltr'><strong>qui</strong></span> <span class='ocrx_word' id='word_1_246' title='bbox 765 2453 921 2509; x_wconf 84' lang='lat' dir='ltr'><strong>Doctorum</strong></span> <span class='ocrx_word' id='word_1_247' title='bbox 950 2453 1063 2508; x_wconf 88' lang='lat' dir='ltr'><strong>illorum</strong></span> <span class='ocrx_word' id='word_1_248' title='bbox 1080 2465 1125 2504; x_wconf 89' lang='lat' dir='ltr'><strong>seu·</strong></span> 
     </span>
     <span class='ocr_line' id='line_1_30' title="bbox 157 2529 1125 2600; baseline -0.005 -14"><span class='ocrx_word' id='word_1_249' title='bbox 157 2533 263 2590; x_wconf 87' lang='lat' dir='ltr'><strong>tentiae</strong></span> <span class='ocrx_word' id='word_1_250' title='bbox 284 2530 465 2586; x_wconf 88' lang='lat' dir='ltr'><strong>subscribere</strong></span> <span class='ocrx_word' id='word_1_251' title='bbox 486 2532 592 2599; x_wconf 86' lang='lat' dir='ltr'><strong>nollet,</strong></span> <span class='ocrx_word' id='word_1_252' title='bbox 624 2540 651 2586; x_wconf 89' lang='lat' dir='ltr'><strong>et</strong></span> <span class='ocrx_word' id='word_1_253' title='bbox 673 2535 844 2588; x_wconf 87' lang='lat' dir='ltr'><strong>contrarium</strong></span> <span class='ocrx_word' id='word_1_254' title='bbox 873 2531 973 2587; x_wconf 86' lang='lat' dir='ltr'><strong>saltem</strong></span> <span class='ocrx_word' id='word_1_255' title='bbox 996 2541 1027 2586; x_wconf 91' lang='lat' dir='ltr'><strong>ut</strong></span> <span class='ocrx_word' id='word_1_256' title='bbox 1046 2529 1125 2600; x_wconf 85' lang='lat' dir='ltr'><strong>proba·</strong></span> 
     </span>
     <span class='ocr_line' id='line_1_31' title="bbox 138 2605 821 2686; baseline -0.003 -21"><span class='ocrx_word' id='word_1_257' title='bbox 138 2610 243 2686; x_wconf 51' lang='lat' dir='ltr'><strong>¹bilem</strong></span> <span class='ocrx_word' id='word_1_258' title='bbox 265 2611 493 2680; x_wconf 83' lang='lat' dir='ltr'><strong>amplecteretur.</strong></span> <span class='ocrx_word' id='word_1_259' title='bbox 603 2605 607 2610; x_wconf 76' lang='grc'><strong>’</strong></span> <span class='ocrx_word' id='word_1_260' title='bbox 818 2673 821 2676; x_wconf 40' lang='grc'><strong>,</strong></span> 
     </span>
    </p>

    <p class='ocr_par' dir='ltr' id='par_1_6' title="bbox 154 2687 1127 2998">
     <span class='ocr_line' id='line_1_32' title="bbox 215 2687 1127 2762; baseline -0.007 -18"><span class='ocrx_word' id='word_1_261' title='bbox 215 2689 243 2745; x_wconf 82' lang='grc'><strong>8.</strong></span> <span class='ocrx_word' id='word_1_262' title='bbox 276 2692 341 2748; x_wconf 85' lang='lat' dir='ltr'><strong>Jarn</strong></span> <span class='ocrx_word' id='word_1_263' title='bbox 357 2687 435 2760; x_wconf 89' lang='lat' dir='ltr'><strong>quud</strong></span> <span class='ocrx_word' id='word_1_264' title='bbox 451 2698 560 2760; x_wconf 89' lang='lat' dir='ltr'><strong>spectat</strong></span> <span class='ocrx_word' id='word_1_265' title='bbox 576 2689 612 2743; x_wconf 87' lang='lat' dir='ltr'><strong>ad</strong></span> <span class='ocrx_word' id='word_1_266' title='bbox 628 2697 746 2758; x_wconf 87' lang='lat' dir='ltr'><strong>peccata</strong></span> <span class='ocrx_word' id='word_1_267' title='bbox 761 2689 875 2744; x_wconf 85' lang='lat' dir='ltr'><strong>caritati</strong></span> <span class='ocrx_word' id='word_1_268' title='bbox 890 2692 1033 2762; x_wconf 84' lang='lat' dir='ltr'><strong>opposita,</strong></span> <span class='ocrx_word' id='word_1_269' title='bbox 1052 2703 1127 2759; x_wconf 87' lang='lat' dir='ltr'><strong>quau·</strong></span> 
     </span>
     <span class='ocr_line' id='line_1_33' title="bbox 158 2769 1125 2842; baseline -0.004 -22"><span class='ocrx_word' id='word_1_270' title='bbox 158 2769 203 2821; x_wconf 88' lang='lat' dir='ltr'><strong>vis</strong></span> <span class='ocrx_word' id='word_1_271' title='bbox 224 2771 358 2825; x_wconf 86' lang='lat' dir='ltr'><strong>mortalia</strong></span> <span class='ocrx_word' id='word_1_272' title='bbox 380 2770 490 2837; x_wconf 88' lang='lat' dir='ltr'><strong>omnia,</strong></span> <span class='ocrx_word' id='word_1_273' title='bbox 518 2776 658 2840; x_wconf 85' lang='lat' dir='ltr'><strong>quatenus</strong></span> <span class='ocrx_word' id='word_1_274' title='bbox 687 2777 752 2838; x_wconf 83' lang='lat' dir='ltr'><strong>sunt</strong></span> <span class='ocrx_word' id='word_1_275' title='bbox 780 2771 920 2842; x_wconf 85' lang='lat' dir='ltr'><strong>quaedam</strong></span> <span class='ocrx_word' id='word_1_276' title='bbox 943 2769 998 2824; x_wconf 88' lang='lat' dir='ltr'><strong>Dei</strong></span> <span class='ocrx_word' id='word_1_277' title='bbox 1021 2769 1125 2828; x_wconf 76' lang='lat' dir='ltr'><strong>offensae,</strong></span> 
     </span>
     <span class='ocr_line' id='line_1_34' title="bbox 154 2846 1126 2918; baseline 0.006 -19"><span class='ocrx_word' id='word_1_278' title='bbox 154 2846 224 2902; x_wconf 86' lang='lat' dir='ltr'><strong>huic</strong></span> <span class='ocrx_word' id='word_1_279' title='bbox 245 2848 345 2900; x_wconf 89' lang='lat' dir='ltr'><strong>virtuti</strong></span> <span class='ocrx_word' id='word_1_280' title='bbox 368 2851 492 2903; x_wconf 84' lang='lat' dir='ltr'><strong>maxime</strong></span> <span class='ocrx_word' id='word_1_281' title='bbox 518 2850 725 2904; x_wconf 85' lang='lat' dir='ltr'><strong>adversentur:</strong></span> <span class='ocrx_word' id='word_1_282' title='bbox 759 2848 815 2904; x_wconf 90' lang='lat' dir='ltr'><strong>duo</strong></span> <span class='ocrx_word' id='word_1_283' title='bbox 845 2858 938 2903; x_wconf 87' lang='lat' dir='ltr'><strong>tamen</strong></span> <span class='ocrx_word' id='word_1_284' title='bbox 968 2862 1048 2916; x_wconf 87' lang='lat' dir='ltr'><strong>sunt,</strong></span> <span class='ocrx_word' id='word_1_285' title='bbox 1072 2856 1126 2918; x_wconf 66' lang='lat' dir='ltr'><strong>quii</strong></span> 
     </span>
     <span class='ocr_line' id='line_1_35' title="bbox 155 2925 963 2998; baseline 0.002 -18"><span class='ocrx_word' id='word_1_286' title='bbox 155 2925 204 2998; x_wconf 82' lang='lat' dir='ltr'><strong>illi</strong></span> <span class='ocrx_word' id='word_1_287' title='bbox 226 2939 261 2978; x_wconf 82' lang='lat' dir='ltr'><strong>ex</strong></span> <span class='ocrx_word' id='word_1_288' title='bbox 283 2929 403 2995; x_wconf 89' lang='lat' dir='ltr'><strong>propria</strong></span> <span class='ocrx_word' id='word_1_289' title='bbox 424 2931 452 2982; x_wconf 87' lang='lat' dir='ltr'><strong>et</strong></span> <span class='ocrx_word' id='word_1_290' title='bbox 472 2929 613 2998; x_wconf 86' lang='lat' dir='ltr'><strong>peculiari</strong></span> <span class='ocrx_word' id='word_1_291' title='bbox 638 2931 748 2982; x_wconf 89' lang='lat' dir='ltr'><strong>ratione</strong></span> <span class='ocrx_word' id='word_1_292' title='bbox 770 2937 963 2998; x_wconf 87' lang='lat' dir='ltr'><strong>opponuntur.</strong></span> 
     </span>
    </p>
   </div>
   <div class='ocr_carea' id='block_1_5' title="bbox 154 3031 1130 3584">
    <p class='ocr_par' dir='ltr' id='par_1_7' title="bbox 154 3031 1130 3584">
     <span class='ocr_line' id='line_1_36' title="bbox 216 3031 1126 3104; baseline 0.004 -18"><span class='ocrx_word' id='word_1_293' title='bbox 216 3031 343 3087; x_wconf 87' lang='lat' dir='ltr'><strong>Primum</strong></span> <span class='ocrx_word' id='word_1_294' title='bbox 366 3039 407 3084; x_wconf 90' lang='lat' dir='ltr'><strong>est</strong></span> <span class='ocrx_word' id='word_1_295' title='bbox 429 3032 526 3088; x_wconf 85' lang='lat' dir='ltr'><strong>odium</strong></span> <span class='ocrx_word' id='word_1_296' title='bbox 543 3034 606 3100; x_wconf 89' lang='lat' dir='ltr'><strong>Dei,</strong></span> <span class='ocrx_word' id='word_1_297' title='bbox 629 3033 707 3104; x_wconf 89' lang='lat' dir='ltr'><strong>quod</strong></span> <span class='ocrx_word' id='word_1_298' title='bbox 720 3034 1032 3103; x_wconf 77' lang='lat' dir='ltr'><strong>peccatoscouuipere</strong></span> <span class='ocrx_word' id='word_1_299' title='bbox 1049 3037 1126 3104; x_wconf 76' lang='lat' dir='ltr'><strong>potua</strong></span> 
     </span>
     <span class='ocr_line' id='line_1_37' title="bbox 154 3109 1127 3182; baseline -0.006 -14"><span class='ocrx_word' id='word_1_300' title='bbox 154 3118 187 3173; x_wconf 89' lang='lat' dir='ltr'><strong>ut</strong></span> <span class='ocrx_word' id='word_1_301' title='bbox 208 3110 292 3166; x_wconf 87' lang='lat' dir='ltr'><strong>docet</strong></span> <span class='ocrx_word' id='word_1_302' title='bbox 313 3111 342 3166; x_wconf 65' lang='lat' dir='ltr'><strong>S·</strong></span> <span class='ocrx_word' id='word_1_303' title='bbox 360 3109 484 3167; x_wconf 75' lang='lat' dir='ltr'><strong>&#39;l’bomus</strong></span> <span class='ocrx_word' id='word_1_304' title='bbox 507 3127 554 3181; x_wconf 85' lang='lat' dir='ltr'><strong>qu.</strong></span> <span class='ocrx_word' id='word_1_305' title='bbox 577 3111 625 3178; x_wconf 66' lang='lat'><strong>34„</strong></span> <span class='ocrx_word' id='word_1_306' title='bbox 648 3121 699 3168; x_wconf 87' lang='lat' dir='ltr'><strong>art.</strong></span> <span class='ocrx_word' id='word_1_307' title='bbox 725 3113 749 3167; x_wconf 90' lang='lat' dir='ltr'><strong>i.</strong></span> <span class='ocrx_word' id='word_1_308' title='bbox 772 3113 1060 3182; x_wconf 76' lang='lat' dir='ltr'><strong>exonusideratioua</strong></span> <span class='ocrx_word' id='word_1_309' title='bbox 1077 3122 1127 3179; x_wconf 82' lang='lat' dir='ltr'><strong>quo</strong></span> 
     </span>
     <span class='ocr_line' id='line_1_38' title="bbox 154 3191 1128 3262; baseline 0 -16"><span class='ocrx_word' id='word_1_310' title='bbox 154 3191 285 3246; x_wconf 85' lang='lat' dir='ltr'><strong>rumdam</strong></span> <span class='ocrx_word' id='word_1_311' title='bbox 307 3191 457 3248; x_wconf 83' lang='lat' dir='ltr'><strong>effectuum</strong></span> <span class='ocrx_word' id='word_1_312' title='bbox 487 3191 604 3249; x_wconf 82' lang='lat' dir='ltr'><strong>divinae</strong></span> <span class='ocrx_word' id='word_1_313' title='bbox 633 3192 806 3260; x_wconf 80' lang='lat' dir='ltr'><strong>voluntatis,</strong></span> <span class='ocrx_word' id='word_1_314' title='bbox 823 3194 886 3262; x_wconf 85' lang='lat' dir='ltr'><strong>¹qui</strong></span> <span class='ocrx_word' id='word_1_315' title='bbox 908 3193 1077 3262; x_wconf 84' lang='lat' dir='ltr'><strong>depravatae</strong></span> <span class='ocrx_word' id='word_1_316' title='bbox 1092 3201 1128 3239; x_wconf 78' lang='lat' dir='ltr'><strong>vo·</strong></span> 
     </span>
     <span class='ocr_line' id='line_1_39' title="bbox 154 3265 1128 3342; baseline -0.001 -18"><span class='ocrx_word' id='word_1_317' title='bbox 154 3271 261 3324; x_wconf 84' lang='lat' dir='ltr'><strong>luntati</strong></span> <span class='ocrx_word' id='word_1_318' title='bbox 283 3285 350 3324; x_wconf 84' lang='lat' dir='ltr'><strong>suae</strong></span> <span class='ocrx_word' id='word_1_319' title='bbox 372 3279 547 3341; x_wconf 81' lang='lat' dir='ltr'><strong>repugnant,</strong></span> <span class='ocrx_word' id='word_1_320' title='bbox 565 3271 669 3340; x_wconf 79' lang='lat' dir='ltr'><strong>quatis</strong></span> <span class='ocrx_word' id='word_1_321' title='bbox 691 3279 732 3326; x_wconf 85' lang='lat' dir='ltr'><strong>est</strong></span> <span class='ocrx_word' id='word_1_322' title='bbox 752 3273 876 3326; x_wconf 82' lang='lat' dir='ltr'><strong>inflictio</strong></span> <span class='ocrx_word' id='word_1_323' title='bbox 896 3287 1006 3340; x_wconf 82' lang='lat' dir='ltr'><strong>poenae</strong></span> <span class='ocrx_word' id='word_1_324' title='bbox 1028 3265 1128 3342; x_wconf 68' lang='lat' dir='ltr'><strong>peccatis</strong></span> 
     </span>
     <span class='ocr_line' id='line_1_40' title="bbox 155 3348 1128 3420; baseline 0 -18"><span class='ocrx_word' id='word_1_325' title='bbox 155 3348 291 3416; x_wconf 74' lang='lat' dir='ltr'><strong>dehiscet</strong></span> <span class='ocrx_word' id='word_1_326' title='bbox 315 3350 415 3406; x_wconf 75' lang='lat' dir='ltr'><strong>Deum</strong></span> <span class='ocrx_word' id='word_1_327' title='bbox 438 3351 514 3409; x_wconf 86' lang='lat' dir='ltr'><strong>enirn</strong></span> <span class='ocrx_word' id='word_1_328' title='bbox 529 3358 647 3420; x_wconf 89' lang='lat' dir='ltr'><strong>propter</strong></span> <span class='ocrx_word' id='word_1_329' title='bbox 669 3367 700 3406; x_wconf 85' lang='lat' dir='ltr'><strong>se</strong></span> <span class='ocrx_word' id='word_1_330' title='bbox 717 3355 849 3420; x_wconf 83' lang='lat' dir='ltr'><strong>praecise</strong></span> <span class='ocrx_word' id='word_1_331' title='bbox 867 3352 965 3408; x_wconf 84' lang='lat' dir='ltr'><strong>odisse</strong></span> <span class='ocrx_word' id='word_1_332' title='bbox 987 3353 1080 3406; x_wconf 86' lang='lat' dir='ltr'><strong>nullus</strong></span> <span class='ocrx_word' id='word_1_333' title='bbox 1092 3360 1128 3415; x_wconf 79' lang='lat' dir='ltr'><strong>po</strong></span> 
     </span>
     <span class='ocr_line' id='line_1_41' title="bbox 154 3426 1130 3502; baseline 0.005 -21"><span class='ocrx_word' id='word_1_334' title='bbox 154 3433 218 3490; x_wconf 83' lang='lat' dir='ltr'><strong>test,</strong></span> <span class='ocrx_word' id='word_1_335' title='bbox 241 3443 305 3482; x_wconf 87' lang='lat' dir='ltr'><strong>cum</strong></span> <span class='ocrx_word' id='word_1_336' title='bbox 326 3429 358 3482; x_wconf 91' lang='lat' dir='ltr'><strong>iu</strong></span> <span class='ocrx_word' id='word_1_337' title='bbox 380 3429 442 3500; x_wconf 81' lang='lat' dir='ltr'><strong>ejus</strong></span> <span class='ocrx_word' id='word_1_338' title='bbox 464 3431 656 3492; x_wconf 80' lang='lat' dir='ltr'><strong>naturanilril</strong></span> <span class='ocrx_word' id='word_1_339' title='bbox 677 3432 733 3486; x_wconf 84' lang='lat' dir='ltr'><strong>uisi</strong></span> <span class='ocrx_word' id='word_1_340' title='bbox 754 3426 868 3494; x_wconf 88' lang='lat' dir='ltr'><strong>intinite</strong></span> <span class='ocrx_word' id='word_1_341' title='bbox 884 3431 1034 3502; x_wconf 78' lang='lat' dir='ltr'><strong>diligibiIa</strong></span> <span class='ocrx_word' id='word_1_342' title='bbox 1052 3440 1130 3486; x_wconf 60' lang='lat' dir='ltr'><strong>octob</strong></span> 
     </span>
     <span class='ocr_line' id='line_1_42' title="bbox 154 3507 1128 3584; baseline -0.007 -16"><span class='ocrx_word' id='word_1_343' title='bbox 154 3507 219 3568; x_wconf 64' lang='lat' dir='ltr'><strong>nit</strong></span> <span class='ocrx_word' id='word_1_344' title='bbox 250 3515 276 3560; x_wconf 84' lang='lat' dir='ltr'><strong>ot</strong></span> <span class='ocrx_word' id='word_1_345' title='bbox 307 3507 363 3565; x_wconf 76' lang='lat' dir='ltr'><strong>hoc</strong></span> <span class='ocrx_word' id='word_1_346' title='bbox 394 3517 543 3580; x_wconf 83' lang='lat' dir='ltr'><strong>peccatu-m</strong></span> <span class='ocrx_word' id='word_1_347' title='bbox 574 3510 653 3567; x_wconf 87' lang='lat' dir='ltr'><strong>haud</strong></span> <span class='ocrx_word' id='word_1_348' title='bbox 689 3510 793 3572; x_wconf 87' lang='lat' dir='ltr'><strong>dubia·</strong></span> <span class='ocrx_word' id='word_1_349' title='bbox 808 3521 992 3584; x_wconf 81' lang='lat' dir='ltr'><strong>peecatorum</strong></span> <span class='ocrx_word' id='word_1_350' title='bbox 1024 3507 1128 3568; x_wconf 81' lang='lat' dir='ltr'><strong>unnim</strong></span> 
     </span>
    </p>
   </div>
   <div class='ocr_carea' id='block_1_6' title="bbox 0 0 1195 3870">
    <p class='ocr_par' dir='ltr' id='par_1_8' title="bbox 0 0 1195 3870">
     <span class='ocr_line' id='line_1_43' title="bbox 0 0 1195 3870; baseline 0 0"><span class='ocrx_word' id='word_1_351' title='bbox 0 0 1195 3870; x_wconf 95' lang='lat' dir='ltr'><strong> </strong></span> 
     </span>
    </p>
   </div>
  </div>
 </body>
</html>
