2348 3868
367 207 404 252 nr
424 205 631 252 6666666666.
957 185 1000 256 99

38 326 160 382 1166166166
175 326 294 380 66166166
308 325 466 395 praecipua
487 334 543 390 est,
565 332 597 378 nt
614 325 778 380 communio
792 323 869 378 ultra
890 339 998 380 sunum

37 421 78 460 non
88 405 229 472 differatur,
242 405 399 461 sicutrecte
409 405 581 461 observater
589 401 694 473 probat
705 403 892 473 Laymtnnus
900 417 997 473 snpra.

81 484 194 540 Tertium
215 492 271 551 est,
296 499 420 554 poenam
436 485 524 538 illam
543 484 575 536 in
597 481 765 552 supradicto
787 481 901 538 decreto
925 484 999 538 Con·

36 565 83 618 66166
100 565 222 618 laterem·
248 572 348 620 contra
367 563 454 634 hujus
476 563 624 633 praecepti
648 570 870 634 transgressores
891 563 999 618 conati·

35 651 119 712 totum,
138 641 244 700 scilieet
263 650 296 698 nt
315 642 446 700 virentes
462 643 499 699 sb
513 641 645 698 Ecclesia
660 649 824 708 arceantur,
845 649 875 698 et
891 641 999 698 mortui

35 723 368 794 ecclesiastice-sepultura
388 723 553 792 priventur,
576 737 633 778 ncn
655 737 716 776 esse
738 720 997 788 161666661661166,

33 802 70 856 red
88 801 223 870 terendae,
243 811 275 858 ut
296 803 389 872 ipsius
405 801 513 857 decreti
531 801 620 857 verba
640 800 791 854 indicant:
822 806 1000 870 quapropter

33 880 131 936 Peroebi
147 883 250 953 aliique
265 882 449 949 Sacerdotes,
472 882 541 952 quia
555 879 792 950 jurisdictionem
814 881 844 933 in
866 881 928 934 foro
950 895 999 934 ex·

33 961 113 1016 teriori
128 977 180 1016 non
208 962 356 1028 obtinent,
386 973 509 1030 poenam
539 961 621 1016 illem
650 975 708 1014 non
731 960 791 1014 nisi
811 960 942 1016 consulto
964 971 999 1016 ac

34 1037 128 1107 jubente
154 1041 307 1096 Ordinatio
344 1041 451 1098 interne
483 1055 540 1098 nou
574 1039 696 1105 debent,
730 1038 789 1092 nisi
819 1038 998 1108 specialibus

38 1118 178 1176 Dioccesson
209 1120 483 1188 constitutionibus,
514 1128 569 1175 ant
595 1117 854 1174 consuetudinibus
882 1116 998 1188 aliquid

36 1199 166 1266 expressius
187 1200 360 1254 declaretur.

80 1279 102 1330 1.
136 1278 294 1334 Dicendum
316 1279 347 1334 4.
382 1277 446 1334 Non
467 1277 553 1334 modo
574 1278 815 1342 ecclesiasticum,
837 1275 998 1332 sedetiam

36 1354 138 1412 divinum
163 1359 198 1414 dc
227 1358 369 1418 sumenda
388 1358 571 1414 Eucharistia
598 1366 695 1420 661666
719 1362 925 1426 praeceptum
955 1356 999 1410 ita

38 1435 177 1492 61166666
198 1446 309 1510 quaest.
331 1437 359 1492 6.
382 1445 434 1492 nrt
458 1436 503 1492 tt.
526 1444 554 1492 et
576 1445 687 1492 constet
704 1443 764 1490 tum
779 1451 815 1490 ex
828 1434 875 1488 his
890 1433 998 1490 Christi

36 1513 126 1572 Domini
143 1519 240 1572 verbis
261 1519 290 1572 6.
310 1518 397 1577 donn.
420 1518 446 1572 6.
488 1517 553 1572 Nisi
573 1515 800 1570 manducaveritis
821 1531 927 1573 comesu
939 1514 1000 1582 fito·

36 1593 452 1661 16616166661616666116666666
473 1599 502 1652 ic
516 1597 610 1662 codis,⁸
642 1595 809 1650 tumeliam
832 1593 996 1654 66666611.

36 1672 223 1732 ’1616616666
247 1676 293 1732 13.
317 1692 380 1746 cap·
403 1675 430 1730 2.
452 1676 505 1730 ubi
526 1677 567 1730 ric
588 1677 737 1746 loquitar:
767 1673 1001 1728 Salvator-noster

36 1753 221 1813 resecemus
241 1757 290 1814 dcc
310 1757 407 1811 mundo
428 1757 465 1810 cd
485 1757 595 1810 Patrem
616 1755 819 1810 Sacramentum
848 1754 897 1808 lenc
916 1755 998 1810 16611·

36 1835 75 1896 1661,
88 1845 108 1888 ct
119 1837 144 1890 in
157 1838 229 1890 1111666
242 1837 393 1906 sumptione
406 1837 491 1890 colere
505 1853 554 1890 cos
566 1837 610 1890 661
627 1835 781 1889 memoriam
789 1834 932 1904 proecepit
947 1841 996 1891 sto·

77 1913 195 1984 Quaeres,
212 1931 270 1986 quo
286 1924 411 1984 tempore
425 1913 559 1981 divinum
574 1912 651 1968 illud
665 1921 851 1984 praeceptum
864 1903 999 1982 obligetl

35 1987 203 2062 isperdetur
227 1995 252 2049 1.
274 1995 404 2066 obligare
420 1997 521 2049 saltem
541 1996 573 2048 iu
594 1995 718 2048 articulo
731 1993 841 2058 mortis,
863 1999 895 2046 nt
912 1991 998 2048 docet

35 2078 52 2122 tt
65 2073 181 2140 pluribus
210 2073 316 2144 probet
336 2075 438 2130 Suares
467 2075 575 2144 disput.
605 2072 652 2128 611.
674 2080 740 2126 sect.
764 2071 790 2126 3.
814 2080 841 2127 et
860 2070 998 2128 Valentia

34 2148 114 2218 disput
134 2155 158 2208 6.
180 2161 291 2226 quaest.
319 2153 347 2208 8.
371 2152 407 2207 de
427 2154 589 2208 Euchariat.
615 2159 714 2222 punct.
735 2151 764 2206 1.
793 2150 998 2221 colligiturqua

34 2240 186 2301 trperpetua
198 2233 346 2290 Ecclesiae
356 2234 451 2303 praxi,
466 2249 540 2304 quae
554 2233 697 2302 peculiari
708 2247 777 2286 curs
787 2244 900 2299 semper
911 2228 999 2298 cavit,

34 2321 58 2360 66
68 2310 158 2367 infirmi
173 2313 239 2368 sine
251 2313 333 2368 illins
348 2314 512 2382 sumptione
524 2328 559 2366 ex
573 2313 628 2366 hac
638 2313 699 2368 vita
711 2309 897 2376 decederent3
919 2301 999 2364 unde

34 2385 187 2447 utensitio
210 2392 463 2450 Nicaeensium.
493 2392 538 2447 13.
565 2391 750 2446 Ε661ι6616166
776 2390 807 2444 16
835 2389 891 2442 fine
919 2387 999 2442 vitae

35 2470 144 2526 sumenda
172 2481 291 2530 vocatur
321 2473 450 2526 viaticum
477 2473 665 2530 neceesarium.
715 2469 796 2524 Idem
816 2467 939 2522 hebetur
966 2466 998 2521 in

36 2544 139 2605 Concilio
160 2551 378 2622 Carthaginem.
407 2551 470 2604 111.Ι
486 2567 550 2606 666.
573 2550 619 2604 ll:
649 2557 678 2604 61
704 2550 735 2610 66
757 2549 826 2604 aliis
847 2545 998 2612 Consiliis,

35 2638 89 2692 6666
106 2631 261 2686 referuntur
283 2633 313 2685 in
335 2631 456 2685 Decreta
478 2646 564 2684 causa
584 2629 764 2699 26666661.
788 2626 802 2683 1
826 2632 854 2683 61
876 2626 902 2681 6.

77 2705 263 2778 Respondetur
284 2710 311 2766 2.
335 2709 419 2766 valde
440 2709 623 2780 probabilem
645 2723 705 2764 esse
726 2708 896 2762 sententiam
917 2706 997 2762 Secti

34 2780 125 2840 16619.
149 2790 182 2843 de
211 2789 301 2844 Euch.
323 2789 449 2861 Aegydii
476 2789 607 2844 Coninck
635 2797 743 2858 quaest.
773 2785 820 2842 68.
851 2792 894 2839 art
921 2784 949 2840 3.
970 2791 999 2840 ct

36 2861 133 2920 aliorum
145 2868 313 2935 Doctorum,
336 2870 539 2940 qnivssserunt,
562 2883 598 2922 cx
612 2874 765 2938 praecepto
782 2865 882 2920 divino
897 2881 1000 2920 unum·

36 2953 148 3014 quemque
159 2948 271 3007 fidelem
281 2947 420 3014 edultum,
433 2949 519 3003 etism
531 2949 603 3002 eitra
611 2947 710 3002 mortis
723 2946 894 3016 periculum,
908 2943 944 3001 sd
953 2961 999 2998 sn-

35 3021 140 3080 nendan
152 3028 304 3098 aliquoties
315 3029 346 3082 in
358 3029 419 3083 6616
428 3027 640 3082 Eucharisticm
648 3026 783 3098 obligari,
797 3018 1000 3094 Christumque

36 3095 160 3160 Dominum
179 3107 292 3162 nullum
314 3114 425 3178 tempus
447 3113 554 3163 certum
570 3105 769 3175 praescribere
788 3105 925 3171 voluisse,
948 3099 999 3158 sed

37 3173 154 3238 Ecclesiae
174 3203 239 3241 6666
261 3186 413 3257 reliquisse
435 3184 696 3242 determinandum.

82 3259 123 3316 Est
140 3273 228 3320 entem
243 3265 465 3332 observandum,
489 3265 606 3336 qnando
619 3265 803 3320 Eucharistis
816 3265 847 3318 in
868 3258 999 3332 periculo

41 3338 115 3420 666166
131 3357 178 3411 666
204 3344 322 3400 modurn
350 3345 451 3400 viatici
479 3346 617 3410 sumitur,
647 3345 733 3398 etiam
762 3359 779 3397 a
805 3358 863 3400 non
888 3335 999 3413 jejunis

44 3409 302 3501 61166666166666,
331 3423 447 3495 quando
477 3425 539 3480 sine
561 3423 642 3494 gravi
667 3423 772 3477 damno
800 3429 849 3476 661
869 3418 999 3491 periculo

43 3497 205 3578 1666166616
225 3504 287 3559 illis
308 3518 398 3576 nsque
420 3503 590 3574 adtempns
611 3502 698 3573 hujus
711 3502 892 3560 sacramenti
912 3498 1001 3556 susci·

47 3575 120 3634 prendi
136 3585 236 3637 servari
256 3599 313 3640 non
334 3591 445 3656 potest,
474 3591 506 3640 ut
532 3599 568 3640 ex
589 3582 733 3639 communi
754 3581 910 3636 Doctorum
933 3591 1000 3634 con·

794 3649 840 3718 Ἰ*
