2384 3868
428 111 466 156 nn
490 106 694 158 succensura.
748 165 754 180 ι
1014 93 1057 162 69
1119 138 1136 187 t

54 230 111 286 Hoc
134 240 176 284 est
195 246 294 305 corpses
313 249 412 294 msam,
437 237 523 300 atque
544 231 569 287 si
591 229 655 300 quis
675 228 800 286 dicaret:
822 229 877 288 Hic
890 241 931 286 ast
944 233 1054 289 thanu-

52 329 96 364 ms
116 328 212 374 meaa,
242 318 271 363 et
298 311 372 365 sicut
392 311 481 364 etiarn
503 310 594 367 Pater,
609 310 741 366 eoelestis
762 308 799 364 da
812 309 920 366 ‚eodem
942 311 1056 370 Christo

51 391 179 446 Domino
211 389 315 446 dixit-:¹
343 389 401 446 Hie
421 398 461 444 est
473 389 551 459 fitius
570 390 802 454 mecsoilsoruss
820 392 1055 459 quo-posteriori

50 485 138 529 semu
167 471 340 538 pracsertim
368 469 496 540 intelligi
525 468 611 526 debet
631 469 722 524 form
742 470 967 528 consecrationis
987 487 1054 527 san·

50 550 165 621 guinis,
195 547 281 619 cujus
309 548 398 604 verba
426 549 573 604 transtulit
597 549 741 618 interpres
761 554 859 614 nostae
876 561 930 617 par
949 563 1054 607 nomas

49 629 234 701 adJectivum
256 626 530 684 demonstrativum:
551 628 607 685 Hic
627 629 757 682 catcatis
776 629 917 698 taupennis
936 631 997 683 mai.
1046 659 1050 672 ·

105 707 136 762 4.
181 707 313 776 Quaeres
327 707 355 762 3.
384 723 442 778 quo
471 723 555 762 sensu
575 707 606 761 in
629 707 726 762 verbis
746 707 809 762 illis
831 708 1053 766 consecrationis

48 785 231 858 accipiendo
251 788 290 840 sit
311 787 417 857 copula
437 796 493 853 ειη
522 787 667 844 Haeretici
695 788 771 842 enim
799 786 992 856 contendunt,
1021 804 1054 844 co

47 869 111 924 loeo
133 866 344 936 accipientiam
366 880 499 936 esaepro
527 867 675 936 siqnificot,
707 882 792 937 quarn
820 866 859 920 ad
885 883 946 922 nenn
972 869 1055 924 varia

50 964 87 1003 ex
106 947 272 1016 Scriptnris
294 947 431 1016 exempla
450 947 615 1016 proferunt,
637 947 668 1000 in
691 945 797 1016 quibus
812 961 845 1001 eo
860 961 946 1003 sensu
960 945 1055 1018 accipi

53 1025 181 1092 videtur,
215 1033 248 1080 nt
273 1024 297 1079 i.
315 1026 379 1082 Cor.
398 1024 443 1078 to.
474 1025 558 1079 Petro
579 1035 638 1080 erat
660 1025 796 1090 Christos,
827 1025 860 1080 id
880 1034 923 1082 est
943 1023 990 1099 (ut
1009 1029 1055 1082 in-

57 1105 168 1176 quiunt)
192 1105 284 1158 Petra
305 1105 488 1176 significabat
511 1105 665 1162 Christum.
1046 1138 1049 1147 ·

108 1184 319 1255 Respondetur
330 1184 355 1238 t.
379 1183 516 1251 Quamuis
530 1199 630 1241 verum
645 1191 734 1252 esset,
757 1183 914 1254 aliquando
929 1186 960 1238 iu
976 1185 1053 1240 Scri·

50 1266 143 1334 ptnris
164 1264 292 1318 verbum
314 1263 527 1320 substantivum
548 1265 599 1320 sio·
612 1264 724 1334 accipi,
752 1263 822 1320 inde
850 1269 944 1320 tamen
969 1264 1054 1320 nullo

51 1345 135 1398 modo
163 1344 268 1414 sequi,
298 1339 376 1402 illud
403 1344 435 1396 in
465 1341 561 1402 verbis
587 1343 811 1400 consecrationis
832 1357 868 1398 eo
887 1358 973 1398 sensu
993 1357 1055 1400 esse

52 1422 278 1494 accipiendum,
301 1437 365 1478 oum
388 1435 481 1492 neque
502 1438 519 1476 a
538 1422 588 1478 SS.
604 1421 757 1490 Patribus,
782 1421 933 1493 nequeat)
954 1423 1056 1478 licois-

50 1503 93 1556 sia
113 1504 258 1558 universa
278 1517 406 1572 unquam
427 1504 469 1557 sio
491 1509 638 1570 acceptum
660 1503 763 1570 inerit,
794 1510 826 1556 ut
854 1501 999 1558 constabit
1018 1518 1056 1558 ex

49 1583 100 1650 iis,
125 1596 204 1652 quse
230 1582 356 1642 sectione
377 1582 509 1650 sequenti
529 1581 671 1636 dicentur.
721 1607 724 1626 ι
1019 1611 1022 1618 =

107 1661 322 1732 Respondetun
334 1660 361 1714 2.
384 1660 501 1716 Falsum
518 1675 594 1728 esse,
616 1659 694 1716 illud
709 1660 828 1716 verbnm
843 1661 1056 1719 substantivum

48 1751 85 1796 est
106 1740 141 1795 in
164 1740 269 1794 sacris
281 1747 331 1794 aut
352 1741 438 1796 etiam
459 1741 590 1810 profanis
611 1741 716 1794 litteris
737 1755 865 1810 uuquam
885 1741 981 1810 accipi
1001 1755 1055 1810 pro

47 1821 140 1875 verbo
162 1820 320 1889 aipnifioan
346 1813 377 1874 in
399 1820 532 1876 omnibus
552 1819 632 1874 ,enim
653 1820 818 1892 allegoricis
840 1827 890 1874 ant
909 1821 1056 1890 metapho-

46 1902 117 1954 ricis
141 1899 359 1964 locutionibus,
389 1913 463 1970 quae
484 1899 579 1953 afferri
599 1910 736 1969 possunt,
765 1903 797 1954 ut
825 1907 899 1955 recte
921 1900 1057 1955 observat

47 1989 75 2034 et
95 1979 212 2048 probat
233 1977 418 2032 Malionatus
439 1993 543 2048 snpra,
565 1979 591 2032 si
613 1993 687 2049 quae
702 1980 793 2050 ligura
807 1987 864 2046 est,
886 1995 944 2035 non
958 1980 1058 2033 haeret

46 2061 78 2114 in
101 2057 201 2112 verbo
224 2066 279 2126 est,
302 2057 415 2114 sedvel
430 2059 460 2110 in
475 2057 606 2129 subjecto
620 2059 845 2124 enuntiationis,
867 2059 914 2112 vel
928 2059 959 2112 in
973 2071 1057 2128 prae·

48 2139 169 2205 dicat03
193 2137 318 2190 verbum
334 2138 414 2192 enim
429 2147 468 2191 ess
482 2145 659 2208 comparant
672 2137 879 2202 substantiam,
902 2137 1057 2192 antuniana

48 2227 252 2274 extremorum
281 2217 416 2272 unionem
443 2217 606 2288 siguificat,
631 2224 664 2272 ut
691 2217 791 2272 docuit
810 2216 981 2272 Aristoteles
1000 2215 1056 2270 lib.

49 2297 84 2352 de
106 2297 271 2364 Interpret.
292 2311 355 2364 cap.
371 2297 399 2351 3.
838 2337 840 2344 s
1057 2365 1060 2372 ι

110 2379 142 2432 5.
178 2374 347 2440 Quaerost.
369 2373 514 2446 quomodo
535 2375 612 2430 haeo'
629 2376 853 2434 consecrationis
874 2375 966 2430 forma
987 2388 1058 2428 vara

50 2471 114 2511 esse
137 2455 252 2524 possit3
274 2455 354 2523 prius
373 2456 450 2511 enim
465 2456 639 2524 requiritur,
661 2470 718 2510 reor
733 2455 862 2524 aliquam
877 2469 948 2521 esse,
970 2466 1058 2524 quam

50 2549 155 2591 veram
170 2547 235 2588 esse
249 2535 495 2603 propositionem,
518 2550 592 2604 quae
607 2535 747 2602 affirmat,
770 2535 852 2588 illem
868 2548 945 2600 esse3
967 2534 1060 2592 torna

50 2623 153 2669 autern
176 2615 417 2679 consecrationis,
430 2629 505 2670 com
527 2615 633 2668 eiiciat
653 2614 736 2668 illam
757 2629 833 2682 rem,
861 2627 948 2684 quam
970 2618 1059 2668 enun-

54 2697 133 2758 cias,
157 2699 202 2748 est
223 2691 277 2745 illa
295 2694 392 2762 prior,
410 2701 441 2748 et
462 2707 498 2749 er
513 2694 700 2762 consequenti
715 2693 801 2761 lalsa,
825 2707 890 2748 oum
906 2693 1059 2764 significet,

53 2772 87 2826 id
110 2787 192 2838 esse,
219 2771 299 2841 quoi
320 2771 448 2828 nondum
470 2779 520 2830 est.

117 2850 325 2921 Respondetnr
345 2867 381 2906 ex
402 2851 428 2906 S.
444 2851 584 2918 Doctore,
612 2851 687 2908 hano
714 2867 775 2906 esso
800 2851 993 2907 differentiam
1017 2852 1061 2905 lo-

56 2931 228 2996 cationum,
259 2944 332 3000 quse
353 2931 658 3002 vimsignitleativam
680 2930 859 2987 solummodo
879 2931 1007 2998 habent,
1032 2935 1061 2984 st

58 3025 175 3075 aarum,
200 3025 275 3079 quae
296 3009 405 3066 habent
425 3011 485 3064 vim
506 3010 681 3075 effectivam
704 3011 782 3081 quod
794 3011 867 3064 illae
886 3015 1060 3081 supponant,

58 3105 138 3156 cern,
161 3104 251 3158 quam
273 3090 444 3156 enunciant,
466 3089 527 3160 jsrn
550 3105 627 3155 esse,
656 3089 710 3146 hae
732 3105 799 3144 vero
820 3090 903 3144 illam
925 3089 1061 3154 efficiant,

59 3167 199 3224 audead
219 3169 372 3224 veritatem
394 3169 502 3224 formae
527 3169 767 3235 consecrationis,
796 3184 848 3238 per
876 3183 961 3238 quum
988 3183 1016 3219 v.
1032 3181 1059 3238 g.

60 3263 166 3317 corpus
190 3248 301 3304 Christi
322 3248 441 3316 ponitur
459 3248 514 3302 sub
536 3245 687 3318 speciebus
708 3249 809 3318 panis,
837 3247 960 3314 sufficit,
982 3243 1063 3316 quoi

61 3327 160 3382 eadam
183 3327 338 3382 duratione
360 3327 448 3393 reali,
472 3343 528 3398 qua
550 3327 723 3400 significatio
744 3327 806 3398 ejus
821 3327 994 3397 completur,
1016 3339 1061 3382 res

61 3421 111 3475 par
132 3422 196 3462 eam
218 3406 385 3479 significata
405 3414 439 3462 et·
454 3409 608 3472 enunciata
629 3407 696 3460 talis
716 3406 884 3476 apartenai
898 3403 945 3471 sit,
961 3405 1063 3474 ,qualis

65 3500 121 3542 asse
143 3487 329 3560 significatur
350 3493 378 3542 at
405 3487 591 3554 enuncians,
621 3485 727 3556 quod,
745 3500 817 3543 cumr
837 3485 869 3538 in
897 3485 989 3541 forms
1002 3483 1064 3560 ‘ills
