2348 3868
178 159 221 228 98
544 177 584 220 ιι
600 175 806 222 meetseren

180 299 240 354 ιιιι
260 301 423 366 praecepta.
466 294 554 352 Initio
575 294 719 377 siquidem
744 289 889 350 nascentis
909 291 1059 350 Ecclesiae
1078 293 1168 352 tecle

180 375 365 446 saepissimo,
386 375 445 429 inrc
467 375 526 430 iere
547 375 677 445 quotidie
695 373 912 430 Sacramentum
933 373 989 428 boc
1009 373 1168 442 eumebentt

181 470 255 527 quse
277 454 454 528 consuetudo
481 470 547 510 eum
568 453 708 524 paulatim
737 452 890 508 intermitti
911 451 1072 519 videretur,
1100 454 1165 508 hanc

180 535 209 591 S.
225 535 382 590 Anccletur
397 535 496 603 aliquo
510 549 546 588 ex
558 542 641 604 parte
655 531 821 600 renovavit,
842 532 926 602 epist.
948 531 974 586 2.
994 533 1169 604 praecipient

181 621 216 670 nt
234 615 336 670 saltem
349 613 487 679 Μιιιιιιι,
511 613 561 682 qui
577 613 684 666 biirsae
697 612 839 669 sacrificio
854 611 1043 678 inservirent,
1066 611 1166 667 Eucbt·

180 695 280 750 ristioe
304 693 522 764 participarent.
557 693 689 746 Caritate·
711 689 895 760 postmodum
923 691 1124 762 refrigescente
1140 689 1169 764 S,

182 773 330 828 FebIanus
350 773 431 841 Papa
451 771 535 841 epist.
560 769 584 824 ι.
607 785 681 841 quoe
707 771 829 826 retertur
853 785 916 840 cap.
938 769 1003 824 Etsi
1023 770 1060 826 de
1082 785 1163 824 conse

184 861 253 908 eret.
276 851 405 905 distinct
419 849 447 904 2.
470 849 572 919 edixit,
595 857 626 904 ut
646 857 689 904 ter
706 849 807 906 saltem
823 849 996 919 quotannis,
1015 850 1127 904 scilicet
1141 849 1161 902 in

182 932 263 986 iestis
277 929 390 984 tistulis
406 929 798 996 nomint-Rementem,
820 944 855 984 ιι
869 928 1065 1002 Ριιιιιοιιιι,
1082 943 1161 984 omnes

183 1011 292 1066 Christi
312 1006 413 1064 fideles
427 1009 640 1068 Eucharisticnr
654 1017 819 1076 sumerent3
849 1007 931 1078 quod
945 1015 1046 1078 postea
1064 1010 1095 1062 in
1114 1009 1161 1078 plu·

183 1089 265 1144 ribus
288 1089 428 1146 Conciliis
448 1089 585 1144 similiter
605 1088 751 1143 decretum
772 1096 830 1154 est,
859 1101 894 1142 ec
914 1089 1084 1156 praesertin
1104 1089 1170 1170 Ago,

183 1169 278 1223 thensi
301 1167 329 1222 l.
370 1169 492 1222 Demum
520 1183 585 1222 cum
613 1175 712 1223 sancta
739 1168 793 1222 illa
813 1174 841 1220 et
862 1166 989 1222 salubris
1014 1166 1163 1238 praeceptio

182 1249 213 1302 ιιι
233 1246 455 1304 desuetudinem
483 1245 603 1304 obiisset
627 1256 655 1302 et
675 1248 802 1302 maximo
830 1248 993 1302 animarum
1021 1246 1124 1302 damno
1139 1246 1170 1314 in

181 1327 280 1400 plures
308 1328 395 1382 etism
424 1341 514 1382 annos
536 1329 664 1397 corporis
687 1327 794 1381 Christi
815 1327 979 1381 communio
1008 1324 1162 1391 differretur,

182 1409 370 1464 constitutum
400 1414 442 1459 est
469 1407 500 1460 in
527 1407 658 1461 Concilio
686 1406 817 1462 Letersn.
846 1405 902 1458 sub
931 1405 1101 1468 Innocentio
1127 1401 1163 1458 lll.

183 1501 246 1556 cap.
268 1487 512 1556 utrimquesecus,
535 1493 567 1540 ιι
582 1485 691 1557 singuli
705 1485 815 1550 fideles,
835 1499 903 1538 curn
917 1483 955 1538 ed
970 1499 1062 1540 annos
1079 1484 1171 1558 disere,

184 1566 272 1622 tionis
287 1566 490 1636 pervenerint,
512 1565 728 1620 Sacramentum
749 1566 805 1620 hcc
825 1565 926 1618 saltem
941 1565 1031 1620 semel
1052 1566 1085 1618 in
1105 1575 1163 1618 ιιιι

182 1654 311 1715 tempore
332 1644 481 1700 Peschstis
502 1644 684 1714 percipiant,
713 1645 772 1699 nisi
792 1658 829 1698 ex
849 1644 970 1698 licentio
999 1645 1112 1714 proprii
1130 1633 1171 1718 So}

184 1724 324 1792 certetis,
346 1725 379 1780 in
399 1723 498 1794 plures
519 1723 632 1794 aliquot
651 1725 713 1779 dies
734 1739 771 1778 ex
791 1737 877 1779 causa
897 1723 999 1793 alique
1013 1719 1164 1780 rationabili

183 1803 373 1860 differendum
396 1818 456 1860 csse
477 1811 635 1860 censeatur.
787 1858 789 1862 ,

242 1882 270 1938 3.
314 1885 387 1938 Sunt
414 1890 508 1938 autern
537 1880 680 1954 quaedam
706 1882 756 1940 hic
772 1879 971 1940 observanda
991 1882 1072 1938 circa
1091 1880 1172 1952 ecele-¹

183 1963 333 2019 ιιιιιιιιιι
354 1960 435 2018 istud
456 1961 492 2019 de
513 1962 655 2016 sumenda
673 1961 858 2018 Eucharistia
878 1969 1076 2031 praeceptum.

203 2051 207 2056 ·
238 2041 372 2097 Primum
402 2048 460 2109 est,
492 2049 620 2112 ternpore
648 2041 796 2096 Pescbatis
827 2041 956 2112 intelligi
986 2049 1079 2096 totum
1104 2035 1164 2092 illul

183 2129 312 2194 tempus,
340 2119 419 2193 quod
441 2121 534 2174 effluit
555 2137 571 2174 ι
593 2119 747 2182 Dominicis
769 2121 933 2174 Palmernrn
955 2135 1046 2191 usque
1068 2120 1105 2174 cd
1124 2118 1165 2170 Do

183 2202 320 2256 mimicam
340 2202 372 2255 in
387 2200 475 2254 Albis
496 2200 654 2267 inclusive,
675 2207 709 2254 ut
729 2200 766 2254 eb
780 2201 911 2271 Eugenio
931 2200 981 2254 IV.
1003 2200 1165 2256 declaratum

181 2281 270 2338 tuisse
292 2282 377 2338 refert
390 2279 537 2336 Navarrus
558 2295 621 2349 cop.
644 2278 691 2333 21.
714 2295 742 2332 ι.
763 2279 811 2334 45.
833 2280 912 2347 Into,
935 2275 1163 2340 nbiconsuetnde

182 2359 315 2432 legitime
331 2360 512 2430 praescripta
541 2366 621 2429 urget
635 2358 678 2414 ⁴de
699 2358 903 2416 satisfaciendo
932 2359 1001 2412 huic
1025 2361 1172 2428 praecepto

182 2455 233 2510 per
248 2438 481 2496 communionem
495 2439 627 2508 quolibet
642 2437 885 2510 Quadrsgesimae
900 2437 947 2493 die
962 2438 1083 2506 lectam,
1102 2435 1162 2492 iden

180 2517 326 2574 Nanctus
354 2517 455 2583 docet,
488 2517 558 2572 satis
588 2533 648 2571 esse
676 2517 715 2572 ed
746 2519 1000 2588 transgressionem
1031 2513 1163 2586 praecepti

182 2597 363 2662 evitandam,
384 2605 417 2650 ut
437 2596 503 2665 quis
525 2595 670 2666 ejusmodi
691 2597 895 2652 consuetudini
917 2613 946 2652 se
969 2598 1132 2652 conformet.

242 2675 405 2732 Secundum
422 2682 478 2743 est,
501 2691 538 2729 ex
558 2675 797 2748 probabilissima
818 2682 846 2731 et
866 2677 896 2730 in
917 2677 1004 2746 praxi
1023 2677 1114 2748 magis
1133 2685 1163 2726 rt·

183 2763 267 2824 cepte
295 2757 451 2822 sententie,
480 2755 583 2823 illum,
613 2756 664 2826 qui
692 2763 819 2825 tempore
846 2755 995 2813 Pssebatis
1025 2771 1062 2811 ex
1094 2763 1164 2810 censa

182 2835 282 2904 aliqua
297 2833 379 2904 justa
399 2831 447 2890 vel
466 2834 577 2906 injusta
591 2851 702 2890 sacram
716 2835 928 2890 Eucharistinm
943 2838 1075 2905 accipere
1093 2837 1163 2889 inter·

180 2913 277 2980 misit,
298 2921 399 2983 postes
413 2929 500 2985 quem
514 2917 640 2985 primum
655 2914 803 2971 commode
819 2923 926 2984 potest,
950 2915 988 2970 ad
1008 2911 1162 2972 sumendam

182 2991 266 3047 illem
287 2992 422 3064 obligari.
463 2993 507 3048 Ita
528 2994 633 3050 docent
651 2993 812 3060 Neverrus,
832 2997 926 3061 Acon,
953 2995 1055 3052 suares
1078 2987 1162 3050 etalii

181 3069 261 3142 opud
288 3073 489 3143 Leymannum
518 3091 580 3144 cop.
610 3078 637 3129 5.
668 3074 704 3128 tle
732 3073 855 3128 Encbtr.
884 3073 991 3145 quibus
1019 3067 1163 3131 subscribit

182 3151 356 3208 Isembcrtus
372 3152 408 3208 sd
424 3159 533 3223 quaest.
549 3153 597 3208 80.
613 3154 721 3224 disput.
744 3152 771 3208 6.
794 3161 846 3208 art.
868 3151 895 3207 2.
917 3153 970 3211 ubi
984 3154 1072 3210 etiem
1086 3148 1163 3212 addit

181 3232 283 3300 illum,
316 3235 367 3304 qui
397 3231 564 3302 praevidet⁴
579 3232 739 3303 defuturam
770 3233 829 3287 sibi
860 3233 995 3303 temporis
1028 3226 1163 3287 Peschntit

179 3311 417 3368 communicandi
428 3313 631 3378 occasionem,
654 3311 692 3365 od
705 3313 952 3380 praeveniendum
972 3312 1049 3366 illud
1064 3319 1165 3378 tempti

179 3391 324 3463 obligeri3
360 3389 439 3462 quod
460 3395 554 3446 temen
569 3392 669 3462 ¹aliqui
697 3397 773 3446 reete
793 3392 949 3457 limitent,¹
968 3392 993 3446 si
1013 3393 1090 3446 intre
1109 3399 1164 3442 eun

182 3487 292 3529 cunum
306 3469 369 3541 jam
391 3471 481 3525 semel
501 3487 560 3527 ιιι
575 3471 847 3539 communicaverit3
883 3478 932 3526 aut
952 3472 976 3526 ιι
997 3468 1165 3542 praevideat

182 3551 262 3624 quod
282 3549 503 3610 introeuntem
524 3567 632 3608 annom
652 3551 864 3610 communicare
890 3567 947 3609 noo
968 3551 1076 3620 possit,
1103 3545 1165 3618 quia
