2384 3868
451 195 488 240 aa
508 195 666 244 suriano.
1013 185 1060 254 ii

51 316 224 373 servandam
248 326 313 372 esse
333 323 361 370 et
380 313 478 370 studio
498 316 641 372 bonorum
668 331 787 390 operum
815 321 990 394 augendam,
1020 331 1052 380 ιιι

47 396 204 452 incedam
229 395 347 450 Catech.
370 394 492 452 Roman.
515 395 630 452 dicitur.
663 399 797 455 Meminit
816 399 904 472 hujus
925 415 1052 459 ceremo-

47 478 114 532 niae
140 477 169 531 S.
187 473 279 546 Greg.
308 473 447 529 Naziana.
470 483 540 530 orat
556 476 603 531 te.
627 477 658 532 ln
681 486 809 535 sanctam
830 481 995 554 lavacrum,
1023 489 1052 538 et

45 557 74 614 S.
89 554 251 628 Angustin.
275 561 396 609 enarrat.
419 555 449 609 in
471 555 518 610 Pe.
534 555 581 611 65.

104 637 230 690 Praeter
251 632 433 704 supradictas
455 635 632 690 ceremonias
654 635 711 691 dno
733 636 800 692 sint
820 637 915 694 adhuc
932 639 1004 696 ritus
1018 641 1050 698 in

47 717 198 786 Baptismo
221 713 369 768 servandi.
411 713 524 768 Primus
546 722 603 781 est,
625 723 657 770 nt
678 716 733 771 hoc
755 717 977 787 Sacramentum,
1000 736 1049 775 ex·

46 803 211 850 iraeneum
234 793 431 861 necessitatis,
454 809 510 848 non
532 794 564 847 in
586 793 720 850 domibus
741 797 789 851 rel
809 796 840 850 in
861 797 934 853 locis
951 799 1050 869 priva-

44 877 98 944 tis,
125 873 177 929 sed
206 874 242 927 in
271 873 422 940 Ecclesia,
450 873 481 926 in
510 889 567 944 qna
586 875 663 929 sacri
682 877 775 931 fontes
796 876 866 932 huic
886 879 1048 936 ministerio

47 954 183 1009 destinati
205 960 293 1018 sunt,
316 951 495 1019 conferatur,
517 959 549 1006 nt
569 953 692 1009 habetur
713 956 892 1011 clementina
910 956 997 1014 unica
1012 957 1048 1015 de

49 1033 210 1103 Baptismo,
234 1031 291 1086 ubi
312 1031 349 1084 ah
369 1031 425 1085 hac
446 1033 508 1104 lege
530 1033 728 1089 tantummodo
749 1036 934 1106 excipiuntur
947 1054 1046 1112 regum

54 1121 81 1167 et
103 1113 271 1184 principum
300 1111 371 1178 ilii,
402 1112 451 1182 qui
480 1120 575 1166 tamen
602 1128 659 1167 non
687 1115 718 1167 in
743 1115 807 1170 loco
828 1117 967 1186 profano,
996 1117 1047 1173 sed

48 1192 78 1246 in
99 1193 224 1247 oratorio
249 1196 301 1245 ant
320 1189 427 1244 sacello
448 1190 593 1260 baptizari
615 1191 728 1248 debent.

104 1270 276 1339 Secundus,
306 1278 336 1324 nt
362 1270 494 1340 patrinus
522 1287 596 1325 uuus
624 1286 677 1342 pro
705 1288 795 1343 puero
823 1289 838 1328 e
864 1288 946 1329 sacro
967 1275 1046 1331 fonte

48 1351 252 1422 suscipiendo,
275 1355 304 1404 et
323 1349 448 1404 matrina
467 1365 527 1407 una
546 1365 599 1420 pro
620 1353 737 1424 puella,
765 1363 814 1408 sut
840 1351 878 1407 ad
903 1369 1046 1411 summum

47 1446 116 1484 unns
137 1439 166 1484 et
186 1445 251 1486 una
271 1443 324 1499 pro
345 1429 400 1483 hac
422 1430 469 1483 vel
488 1429 542 1484 illo
564 1429 764 1486 adhibeantur.
800 1432 844 1488 Ita
859 1434 1045 1490 constitutum

47 1517 86 1564 est
106 1525 169 1580 cap.
192 1509 261 1563 Non
275 1509 386 1578 plures,
410 1506 445 1563 de
466 1509 628 1568 consecrat.
651 1508 718 1566 dist
734 1512 762 1565 4.
785 1519 813 1566 ei
834 1525 896 1583 cap.
913 1515 1042 1585 quamvis,

44 1588 78 1644 de
99 1588 284 1662 cognatione
306 1587 399 1656 spirit
428 1588 459 1642 in
481 1587 507 1642 6.
538 1597 565 1644 et
592 1590 750 1646 novissime
773 1592 805 1645 in
827 1592 958 1648 Concilio
982 1593 1045 1648 Tri-

43 1668 118 1723 dent
150 1683 223 1723 sess.
240 1665 288 1723 24.
318 1665 385 1722 cz.
416 1666 453 1722 de
472 1666 597 1724 Reform.
627 1669 790 1726 Matrimon.
819 1671 895 1728 inter
923 1689 994 1744 qnos
1015 1680 1044 1727 et

40 1747 246 1818 baptizantem
274 1761 311 1802 ex
337 1762 396 1800 una
422 1753 521 1818 parte,
551 1755 580 1802 et
605 1747 787 1818 baptizatum
814 1759 982 1823 patremque
1010 1767 1044 1809 ac

40 1835 161 1882 matrem
188 1825 275 1880 illius
304 1841 340 1880 ex
366 1825 474 1896 altera,
503 1828 683 1882 contrahitur
710 1831 843 1901 cognatio
871 1831 1043 1902 spiritualis,

40 1922 99 1961 non
120 1907 218 1962 solum
242 1906 457 1962 matrimonium
479 1907 706 1962 contrahendum
732 1909 910 1980 impediens,
938 1909 989 1968 sed
1016 1914 1046 1966 et

40 1993 225 2042 contractum
249 1983 404 2054 dirimens3
425 1993 456 2040 ιιι
478 2001 529 2040 sno
550 1987 615 2041 loco
638 1985 759 2044 dicetur.

102 2063 232 2132 Quando
260 2072 353 2119 autern
374 2064 539 2135 Baptismus
561 2067 705 2121 confertur
726 2070 789 2124 siue
810 2071 989 2126 solemnitate
1011 2071 1042 2124 in

40 2159 107 2200 caso
129 2144 330 2211 necessitatis,
353 2143 486 2199 observat
500 2146 686 2214 haymannus
705 2163 768 2217 cap.
777 2147 805 2202 a.
828 2149 863 2204 de
879 2148 961 2218 Bapt.
976 2155 1045 2220 post

41 2225 177 2290 Scotum,
209 2224 328 2277 Suarem
358 2231 385 2278 et
406 2223 478 2278 alios
500 2239 573 2294 quos
594 2225 678 2292 citat,
707 2228 821 2282 nullum
843 2235 939 2284 extare
959 2243 1044 2298 prae-

41 2310 157 2374 ceptum
179 2302 345 2373 Ecclesiae,
366 2309 399 2357 ut
418 2303 450 2356 in
471 2305 524 2358 tali
545 2319 612 2358 casu
634 2307 765 2374 patrinus
787 2307 833 2360 vel
854 2308 978 2361 matrina
992 2307 1043 2361 ad·

39 2383 188 2438 hibentur.

98 2463 127 2517 6.
173 2462 276 2529 Qualis
304 2477 372 2517 vero
400 2462 438 2516 sit
465 2461 606 2534 obligatio
634 2465 744 2533 patrini
765 2471 793 2519 et
812 2465 952 2521 matrinae
974 2480 1041 2538 erga

38 2542 198 2606 infantem,
222 2555 308 2611 quem
331 2542 366 2596 de
387 2556 468 2596 sacro
489 2543 567 2597 fonte
589 2553 792 2614 susceperunt,
815 2545 980 2600 declaratur
995 2561 1043 2601 ca-

37 2623 98 2692 pite
124 2621 179 2676 Vor
200 2630 304 2685 cutem,
328 2620 363 2676 de
385 2621 548 2676 consecrat
571 2620 756 2678 distinctione
778 2631 895 2697 quarta,
924 2624 976 2678 ubi
997 2625 1043 2678 di·

39 2702 131 2767 citnr,
165 2715 215 2755 eos
246 2715 307 2754 esse
339 2699 521 2772 iideJ’nssores
549 2701 628 2771 apud
655 2701 748 2757 Deum
774 2719 827 2774 pro
855 2704 933 2771 illis,
967 2719 1039 2775 quos

39 2779 165 2850 proinde
186 2793 303 2836 monere
325 2785 472 2848 tenentur,
501 2786 531 2834 ut
554 2783 763 2850 promissiones
789 2799 840 2838 suo
862 2785 977 2838 nomine
999 2784 1042 2839 ia-

41 2866 101 2913 ctas
121 2865 252 2924 servent,
276 2866 303 2913 et
323 2858 360 2914 ad
380 2861 458 2914 hunc
479 2861 565 2915 fluam
585 2860 751 2932 obligantur
766 2861 946 2933 Symbolum,
969 2863 1040 2918 Ora-

41 2939 210 3010 tionemque
233 2938 429 3004 Dominieam,
457 2946 485 2993 et
506 2939 699 3010 Decsiogum,
727 2942 843 3012 aliaque
865 2942 1041 2998 christianae

41 3017 123 3072 Fidei
145 3017 313 3074 rudimenta
333 3033 380 3074 eos
403 3017 504 3073 docere
527 3026 576 3073 aut
597 3016 695 3074 doceri
723 3036 841 3089 curare,
870 3037 887 3076 a
914 3037 971 3093 qua
997 3030 1042 3075 ta·

42 3112 104 3151 men
127 3097 311 3170 obligatione
340 3097 491 3152 S.Doctor
516 3099 689 3168 quaestiii.
720 3108 770 3154 art.
788 3097 815 3154 Θ.
846 3100 930 3156 docet
948 3102 1039 3171 patri-

42 3190 108 3231 num
131 3184 160 3232 et
179 3177 334 3231 matrinam
355 3177 564 3246 utplurimum
585 3179 733 3246 liberari,l
750 3180 866 3251 quando
887 3181 944 3247 iili,
968 3193 1040 3250 quos

44 3253 76 3311 dc
97 3258 177 3311 fonte
199 3264 402 3327 susceperunt,
424 3259 500 3318 inter
522 3255 621 3312 fideles
643 3258 818 3328 educantur,
848 3261 936 3314 iniis
959 3275 1040 3329 prae·

44 3337 138 3391 sertim
161 3336 251 3403 loeis,
277 3337 307 3388 in
330 3335 437 3407 quibus
458 3336 589 3392 Pastores
612 3337 647 3394 de
667 3339 857 3394 instructione
878 3339 1039 3393 animarum

44 3415 94 3469 sibi
116 3416 338 3472 commissarum
360 3423 427 3471 sunt
451 3417 569 3471 soliciti.

96 3495 189 3551 Porro
219 3510 255 3549 ex
282 3497 369 3566 praxi
396 3495 545 3554 Ecclesiae
571 3501 698 3565 constat,
728 3495 843 3566 quando
870 3497 980 3566 aliquis
1007 3497 1038 3548 in

49 3585 106 3629 casu
126 3575 314 3632 necessitatis
327 3574 506 3646 Baptismum
521 3578 648 3646 suscepit
666 3577 730 3632 sine
752 3573 941 3639 solemnitate,
964 3587 1046 3626 cereo

83 3669 433 3726 ian1‚,msanrueaa.isa
464 3669 491 3710 ιι.
857 3650 878 3711 4
