2360 3862
399 173 437 218 ns
460 170 668 220 numeraris.
972 157 1033 228 litt

47 293 129 363 gotio,
152 299 179 346 ut
196 291 298 348 dmoni
318 291 477 362 nduauus,
497 291 642 362 alendo,-
655 291 981 366 Viralduadylroster
1001 303 1031 354 et

46 372 92 424 ulii
114 369 189 441 apud
208 373 328 428 eundern
343 371 605 432 iiamrssehseumt
639 376 691 444 qni
712 382 806 429 tamen
828 383 907 431 recte
918 385 1027 446 monet*

45 451 221 506 Sacerdotem.
240 453 270 506 in
299 468 332 508 eo
361 464 430 510 casu
456 469 514 508 non
542 453 650 510 debere
676 454 781 508 leviter
808 461 835 510 et
860 455 922 510 sine
944 459 1028 530 gravi

44 546 122 586 causa
144 547 183 598 ea,
204 547 274 602 qnae
295 549 355 602 per·
368 533 515 604 ejusmodi
533 535 740 589 confessionem
757 535 847 600 norit,
870 535 1028 608 declarare,

42 626 72 665 nc
91 610 166 666 inde·
181 607 346 668 scandalum
364 615 483 678 oriatur,
501 611 711 668 sed'adhibito
725 613 877 684 prudeniia
899 613 1027 686 alicujus

43 691 90 744 riri
114 691 232 746 consilio
252 692 408 760 iniecere,
431 692 509 764 quod
531 693 623 763 magis
644 691 782 763 expedire
801 691 959 747 videbitur.
1003 726 1015 737 -

93 769 146 824 Est
163 779 252 826 autern
272 771 502 839 observandum,
525 773 556 826 ln
577 774 665 827 citato
686 771 802 827 decumo
824 772 951 828 concilii
971 774 1027 828 La-

40 851 198 917 uronensia,
219 851 289 919 dici,
313 851 516 923 Consonus-ium
530 854 636 906 omnim
650 865 745 908 coum
759 853 864 916 dudm
886 869 920 906 nc
933 853 1023 919 onio,

41 937 88 980 out
114 931 193 998 spuo,
222 940 269 984 aut
296 933 352 985 ulio
380 933 474 1004 quood
501 933 579 986 modo
601 933 706 1002 prodat
726 942 917 1002 peccatorem:
948 945 1026 1003 qnae

41 1006 128 1062 rerba
147 1007 295 1082 diligenter
314 1025 332 1066 s
351 1009 484 1082 quolibet
505 1011 689 1066 confessario
715 1011 923 1081 perpendenda
946 1020 1025 1081 sunt,

41 1101 96 1141 non
116 1088 194 1143 modo
217 1104 252 1143 no
281 1105 318 1145 ex
343 1089 446 1146 verbis
475 1091 534 1144 suis
562 1091 632 1145 licet
659 1093 815 1160 generatim
836 1090 947 1161 dictis,
973 1100 1027 1147 aut

39 1165 248 1240 quibuscunque
268 1171 362 1242 signis
384 1170 432 1226 vel
458 1163 592 1237 nutiltust
614 1169 672 1225 sed
700 1171 792 1225 esiam'
808 1183 844 1223 ne
864 1183 901 1223 ex
921 1172 1026 1242 poeni-t

37 1248 119 1300 tenda
146 1248 243 1318 aliqua
262 1259 292 1302 et
319 1250 525 1304 sudaiuctions
543 1263 597 1319 pro
611 1249 752 1319 peccatis
763 1257 767 1266 ’
779 1249 912 1304 οεοιιηὶεΔ
927 1250 1025 1304 minus

37 1325 205 1384 considerate
218 1329 356 1400 imposita
376 1329 430 1384 alii
450 1329 594 1400 conjicere
608 1329 731 1400 possint,
750 1331 944 1398 poenitentem
966 1330 1026 1384 lroo

37 1405 78 1458 rel
94 1407 170 1462 iilud
191 1407 341 1478 peecatum
363 1401 523 1478 speciatim,
541 1403 597 1464 *aut
613 1410 771 1486 generatim
792 1423 879 1480 gravo
900 1403 1023 1478 aliquod

39 1482 161 1541 delictum
184 1496 374 1558 perpetrasse.
417 1489 477 1544 lmo
506 1495 585 1542 tanta
605 1489 675 1542 hnic
702 1489 892 1543 coniossionis
922 1487 1024 1558 sigillo

39 1561 144 1620 debetur
164 1569 337 1637 reverentia,
357 1574 444 1622 utne
462 1567 580 1638 quidem
596 1581 669 1622 cnut·
682 1569 926 1638 impoenitente
940 1575 1024 1624 extre

38 1645 233 1701 consensionem
255 1647 337 1717 loqui
358 1648 445 1701 liceat
461 1647 502 1700 de
522 1649 650 1718 peccatis
672 1655 721 1702 sut
739 1649 866 1720 negotiis
885 1647 947 1719 ejus
968 1641 1024 1718 pei

38 1722 114 1778 solans
134 1727 345 1782 contessionem
367 1728 505 1799 cognitis,
532 1728 590 1780 nisi
609 1729 732 1797 ipsemet
752 1728 903 1798 poenitens
925 1727 966 1782 de·
981 1728 1026 1784 iis

38 1801 235 1860 Goniesaarittm
256 1807 427 1878 interroget
471 1805 556 1872 Quod
580 1808 605 1862 si
627 1807 824 1863 Confessarius
852 1806 967 1878 aliquid
986 1807 1026 1860 in*

36 1884 203 1940 consessione
224 1885 331 1952 omisit,
353 1886 432 1956 qnod
452 1879 614 1956 poenitenti
632 1886 764 1942 indicare
786 1886 919 1952 debebat,
941 1901 968 1940 v.
992 1899 1022 1958 gr

35 1964 230 2019 contitutionem
258 1966 389 2035 aliquam
403 1965 587 2032 *iaciendum
616 1965 648 2020 id
673 1967 808 2036 supplere
830 1965 930 2031 debet,
959 1977 1023 2020 non

36 2054 63 2094 ex
81 2043 214 2113 abrupto,
238 2045 289 2099 sed
309 2045 467 2114 prudenter
488 2061 522 2100 ac
543 2045 697 2118 privatim,
719 2053 747 2099 et
765 2046 857 2116 petita
877 2046 959 2115 prins
981 2042 1025 2101 ab*

35 2119 86 2187 ipso
113 2126 281 2192 poenitente
312 2126 413 2178 venia:
446 2136 521 2196 quse
552 2125 650 2180 omnio
680 2125 742 2179 inse
775 2124 903 2194 explicet
934 2122 1020 2176 Gam-

36 2201 170 2258 nachaena
193 2219 290 2273 snpra,
311 2203 364 2258 nbi
385 2203 510 2276 insuper
525 2203 617 2270 addit,
643 2219 696 2258 nec
715 2206 812 2275 ipsum
835 2201 1023 2280 Sacerdotem¹

35 2293 102 2345 posse
120 2284 164 2336 nti
183 2281 292 2338 notitia
311 2297 364 2353 per
386 2285 593 2340 confessionem
618 2283 852 2340 sacrementalem
874 2281 1020 2354 aequisita

36 2357 65 2410 ad
80 2377 156 2416 suam
179 2371 232 2416 aut
244 2364 368 2418 aliorum
383 2363 592 2434 directionem<
602 2365 650 2418 vel
664 2361 702 2416 ad
723 2363 879 2417 arcendum
892 2359 1024 2432 aliquod·

36 2440 140 2509 nalum,
171 2443 197 2495 si
217 2459 255 2498 ex
276 2445 332 2498 isto
353 2451 407 2498 usti
431 2451 459 2497 et
480 2444 677 2512 applicatione
698 2451 837 2513 sequntur
855 2443 956 2496 fractio
978 2439 1019 2492 sia

37 2517 100 2586 gilli,
126 2529 176 2578 ant
197 2521 350 2592 probabile
379 2523 528 2578 lucutionis
557 2523 742 2593 periculum
759 2522 799 2580 ,si
825 2529 925 2575 tsns'en
940 2517 1021 2572 nihil

37 2596 279 2670 dirimentione,
308 2611 336 2656 et
356 2602 514 2672 prudenter
535 2619 571 2658 so·
586 2610 673 2672 gerat
684 2602 898 2671 ecclesiatius,
921 2600 971 2652 ita*
983 2605 1022 2652 nt

36 2689 128 2734 onnetn
152 2688 300 2736 removeat
328 2683 458 2737 temerati
480 2683 656 2738 Sacramenti
685 2683 893 2752 suspicionem,
920 2677 1023 2749 potest»

36 2759 93 2810 tunc
116 2759 234 2816 eandem
264 2762 396 2836 notitiam
425 2761 462 2815 ad
491 2764 556 2831 pios
583 2777 653 2816 naus
681 2768 859 2827 convertere,
888 2763 1021 2830 praeser-v

37 2833 128 2904 timque
146 2838 185 2892 sd
205 2841 315 2895 malum
337 2841 458 2910 aliquod
478 2841 707 2909 impediendum.

87 2913 110 2968 ³.
147 2917 310 2976 Dicendum
330 2921 359 2974 3.
382 2920 436 2974 snb
457 2921 556 2992 sigillo
584 2919 899 2975 confessioniscadere
918 2919 1016 2990 primo

36 2994 118 3048 onnia
136 3006 161 3053 ct
181 3000 301 3071 ringula
320 3008 439 3068 peccata
466 3000 616 3067 mortalia,
638 2994 707 3054 'sive
734 3000 924 3070 poenitentis,
954 2999 1016 3052 sivo

37 3075 180 3146 conplicis,
210 3087 270 3134 tam
291 3079 323 3132 in
351 3080 537 3148 particulari,
567 3089 653 3150 quain
681 3080 712 3133 in
738 3080 887 3152 generali3
915 3078 1017 3132 omnis

39 3151 106 3208 stisn
123 3165 242 3226 peccata
256 3159 384 3212 venialia
405 3161 436 3212 ln
451 3159 630 3228 particulari,
653 3173 807 3230 eorumque
829 3159 1017 3213 circumstan-
1122 3223 1124 3230 Ι

41 3229 91 3302 fist,
117 3251 187 3306 quse
216 3238 336 3292 nonnisi
364 3253 417 3308 per
445 3240 653 3294 contessionem
679 3247 913 3310 cognoscuntu13
945 3236 1016 3288 item

42 3321 65 3360 ts
79 3315 182 3387 onnia,
205 3331 281 3388 quae
302 3317 373 3372 licet
392 3327 511 3387 peceato
530 3333 590 3372 non
612 3318 686 3385 sint,
715 3319 802 3372 talem
822 3315 1015 3372 nihilominus

44 3399 89 3444 cuu
105 3397 230 3463 peccunia
252 3399 283 3451 in
305 3397 485 3452 confessione
496 3397 657 3452 declaratis
670 3397 877 3452 connexionem
896 3393 1015 3460 habent,

42 3473 68 3518 lt
81 3469 108 3526 de
125 3473 408 3547 illiscognitionenn
428 3485 476 3531 aut
498 3479 692 3546 suspicionem
710 3477 877 3546 ingenerare
891 3474 1018 3544 possint.

42 3541 77 3600 lta
86 3565 113 3606 ex
125 3555 151 3609 e.
167 3556 298 3615 'rhomae
313 3557 482 3612 stallorum·
496 3557 706 3628 Theologorntn
722 3554 867 3609 communi
882 3551 1016 3606 doctrina

780 3626 849 3694 13*
