<?xml version="1.0" encoding="UTF-8"?>
<!DOCTYPE html PUBLIC "-//W3C//DTD XHTML 1.0 Transitional//EN"
    "http://www.w3.org/TR/xhtml1/DTD/xhtml1-transitional.dtd">
<html xmlns="http://www.w3.org/1999/xhtml" xml:lang="en" lang="en">
 <head>
  <title>
</title>
<meta http-equiv="Content-Type" content="text/html;charset=utf-8" />
  <meta name='ocr-system' content='tesseract 3.04.00' />
  <meta name='ocr-capabilities' content='ocr_page ocr_carea ocr_par ocr_line ocrx_word'/>
</head>
<body>
  <div class='ocr_page' id='page_1' title='image "./medullatheologi00abelgoog_0648.png"; bbox 0 0 2314 3874; ppageno 0'>
   <div class='ocr_carea' id='block_1_1' title="bbox 377 109 1061 177">
    <p class='ocr_par' dir='ltr' id='par_1_1' title="bbox 377 109 1061 177">
     <span class='ocr_line' id='line_1_1' title="bbox 377 109 1061 177; baseline 0.003 -3"><span class='ocrx_word' id='word_1_1' title='bbox 377 131 557 177; x_wconf 80' lang='grc' dir='ltr'><strong>ιιιιιιιιιιι</strong></span> <span class='ocrx_word' id='word_1_2' title='bbox 571 131 756 174; x_wconf 74' lang='lat' dir='ltr'><strong>maternas</strong></span> <span class='ocrx_word' id='word_1_3' title='bbox 998 109 1061 176; x_wconf 75' lang='grc'><strong>646</strong></span> 
     </span>
    </p>
   </div>
   <div class='ocr_carea' id='block_1_2' title="bbox 46 239 1062 1274">
    <p class='ocr_par' dir='ltr' id='par_1_2' title="bbox 46 239 1062 1274">
     <span class='ocr_line' id='line_1_2' title="bbox 47 239 1058 338; baseline 0 -32"><span class='ocrx_word' id='word_1_4' title='bbox 47 252 214 319; x_wconf 71' lang='lat' dir='ltr'><strong>Quaenam</strong></span> <span class='ocrx_word' id='word_1_5' title='bbox 241 249 441 306; x_wconf 71' lang='lat' dir='ltr'><strong>conditiones</strong></span> <span class='ocrx_word' id='word_1_6' title='bbox 449 243 489 308; x_wconf 90' lang='lat' dir='ltr'><strong>ad</strong></span> <span class='ocrx_word' id='word_1_7' title='bbox 524 249 736 306; x_wconf 79' lang='lat' dir='ltr'><strong>contessionem</strong></span> <span class='ocrx_word' id='word_1_8' title='bbox 768 239 876 320; x_wconf 81' lang='lat' dir='ltr'><strong>debite</strong></span> <span class='ocrx_word' id='word_1_9' title='bbox 894 248 1058 338; x_wconf 78' lang='lat' dir='ltr'><strong>iaciendum</strong></span> 
     </span>
     <span class='ocr_line' id='line_1_3' title="bbox 49 326 1058 479; baseline -0.004 -13"><span class='ocrx_word' id='word_1_10' title='bbox 49 329 419 478; x_wconf 52' lang='lat' dir='ltr'><strong>Ouraeeitqfltidinddireatssiffie</strong></span> <span class='ocrx_word' id='word_1_11' title='bbox 432 326 588 479; x_wconf 51' lang='grc' dir='ltr'><strong>1611811ιῇ</strong></span> <span class='ocrx_word' id='word_1_12' title='bbox 609 405 811 474; x_wconf 80' lang='lat' dir='ltr'><strong>consessionis.</strong></span> <span class='ocrx_word' id='word_1_13' title='bbox 840 405 917 462; x_wconf 87' lang='lat' dir='ltr'><strong>ibid.</strong></span> <span class='ocrx_word' id='word_1_14' title='bbox 928 413 995 463; x_wconf 86' lang='lat' dir='ltr'><strong>sect.</strong></span> <span class='ocrx_word' id='word_1_15' title='bbox 1010 406 1058 462; x_wconf 83' lang='lat' dir='ltr'><strong>tt.</strong></span> 
     </span>
     <span class='ocr_line' id='line_1_4' title="bbox 50 487 1060 560; baseline -0.001 -16"><span class='ocrx_word' id='word_1_16' title='bbox 50 491 211 558; x_wconf 75' lang='lat' dir='ltr'>Quaenam</span> <span class='ocrx_word' id='word_1_17' title='bbox 235 498 438 560; x_wconf 57' lang='lat' dir='ltr'><strong>medactum</strong></span> <span class='ocrx_word' id='word_1_18' title='bbox 449 487 682 546; x_wconf 61' lang='lat' dir='ltr'><strong>circumstantiae</strong></span> <span class='ocrx_word' id='word_1_19' title='bbox 709 488 741 541; x_wconf 92' lang='lat' dir='ltr'><strong>iu</strong></span> <span class='ocrx_word' id='word_1_20' title='bbox 754 488 940 544; x_wconf 81' lang='lat' dir='ltr'><strong>confessione</strong></span> <span class='ocrx_word' id='word_1_21' title='bbox 962 487 1060 543; x_wconf 72' lang='lat' dir='ltr'><strong>dada</strong></span> 
     </span>
     <span class='ocr_line' id='line_1_5' title="bbox 46 567 478 640; baseline -0.011 -12"><span class='ocrx_word' id='word_1_22' title='bbox 46 634 48 638; x_wconf 58' lang='grc'>,</span> <span class='ocrx_word' id='word_1_23' title='bbox 99 568 213 640; x_wconf 82' lang='grc' dir='ltr'><strong>ιιιιιιιι</strong></span> <span class='ocrx_word' id='word_1_24' title='bbox 233 569 299 625; x_wconf 89' lang='lat' dir='ltr'><strong>sint.</strong></span> <span class='ocrx_word' id='word_1_25' title='bbox 327 567 478 624; x_wconf 89' lang='lat' dir='ltr'><strong>ibid.</strong></span> 
     </span>
     <span class='ocr_line' id='line_1_6' title="bbox 53 597 1058 738; baseline -0.003 -34"><span class='ocrx_word' id='word_1_26' title='bbox 53 649 136 717; x_wconf 81' lang='lat' dir='ltr'><strong>Quis</strong></span> <span class='ocrx_word' id='word_1_27' title='bbox 152 649 191 703; x_wconf 91' lang='lat' dir='ltr'><strong>sit</strong></span> <span class='ocrx_word' id='word_1_28' title='bbox 202 633 349 720; x_wconf 76' lang='lat' dir='ltr'><strong>legitimus</strong></span> <span class='ocrx_word' id='word_1_29' title='bbox 364 597 500 712; x_wconf 78' lang='lat' dir='ltr'><strong>Minister</strong></span> <span class='ocrx_word' id='word_1_30' title='bbox 512 601 688 703; x_wconf 80' lang='lat' dir='ltr'><strong>Sacrameuti</strong></span> <span class='ocrx_word' id='word_1_31' title='bbox 701 605 914 738; x_wconf 81' lang='lat' dir='ltr'><strong>poeniteutiae.</strong></span> <span class='ocrx_word' id='word_1_32' title='bbox 926 645 992 706; x_wconf 85' lang='lat' dir='ltr'><strong>Ib.s</strong></span> <span class='ocrx_word' id='word_1_33' title='bbox 994 627 1058 705; x_wconf 82' lang='lat' dir='ltr'><strong>to.</strong></span> 
     </span>
     <span class='ocr_line' id='line_1_7' title="bbox 55 724 1059 797; baseline -0.002 -15"><span class='ocrx_word' id='word_1_34' title='bbox 55 727 145 797; x_wconf 88' lang='lat' dir='ltr'><strong>Quid</strong></span> <span class='ocrx_word' id='word_1_35' title='bbox 168 725 203 790; x_wconf 84' lang='lat' dir='ltr'><strong>de</strong></span> <span class='ocrx_word' id='word_1_36' title='bbox 226 732 343 796; x_wconf 79' lang='lat' dir='ltr'><strong>casuum</strong></span> <span class='ocrx_word' id='word_1_37' title='bbox 364 728 558 796; x_wconf 77' lang='lat' dir='ltr'><strong>reservatione</strong></span> <span class='ocrx_word' id='word_1_38' title='bbox 586 725 773 782; x_wconf 87' lang='lat' dir='ltr'><strong>censendum</strong></span> <span class='ocrx_word' id='word_1_39' title='bbox 781 725 829 792; x_wconf 85' lang='lat' dir='ltr'><strong>sit.</strong></span> <span class='ocrx_word' id='word_1_40' title='bbox 872 724 951 780; x_wconf 90' lang='lat' dir='ltr'><strong>ibid.</strong></span> <span class='ocrx_word' id='word_1_41' title='bbox 971 742 993 782; x_wconf 87' lang='lat' dir='ltr'><strong>s.</strong></span> <span class='ocrx_word' id='word_1_42' title='bbox 1009 724 1059 781; x_wconf 80' lang='grc'><strong>11..</strong></span> 
     </span>
     <span class='ocr_line' id='line_1_8' title="bbox 54 803 1059 880; baseline -0.006 -16"><span class='ocrx_word' id='word_1_43' title='bbox 54 809 145 877; x_wconf 83' lang='lat' dir='ltr'><strong>Quae</strong></span> <span class='ocrx_word' id='word_1_44' title='bbox 164 808 212 868; x_wconf 87' lang='lat' dir='ltr'><strong>sit.</strong></span> <span class='ocrx_word' id='word_1_45' title='bbox 225 807 376 879; x_wconf 69' lang='lat' dir='ltr'><strong>obligatio</strong></span> <span class='ocrx_word' id='word_1_46' title='bbox 387 806 490 868; x_wconf 79' lang='lat' dir='ltr'><strong>secreti</strong></span> <span class='ocrx_word' id='word_1_47' title='bbox 509 803 646 880; x_wconf 77' lang='lat' dir='ltr'><strong>servandi</strong></span> <span class='ocrx_word' id='word_1_48' title='bbox 666 806 698 860; x_wconf 89' lang='lat' dir='ltr'><strong>in</strong></span> <span class='ocrx_word' id='word_1_49' title='bbox 718 806 906 863; x_wconf 81' lang='lat' dir='ltr'><strong>confessione</strong></span> <span class='ocrx_word' id='word_1_50' title='bbox 929 805 972 860; x_wconf 94' lang='lat' dir='ltr'><strong>ib.</strong></span> <span class='ocrx_word' id='word_1_51' title='bbox 979 821 1001 860; x_wconf 88' lang='lat' dir='ltr'><strong>s.</strong></span> <span class='ocrx_word' id='word_1_52' title='bbox 1008 803 1059 860; x_wconf 77' lang='grc'><strong>26.</strong></span> 
     </span>
     <span class='ocr_line' id='line_1_9' title="bbox 51 875 1058 959; baseline -0.004 -15"><span class='ocrx_word' id='word_1_53' title='bbox 51 886 217 958; x_wconf 81' lang='lat' dir='ltr'><strong>inquibus</strong></span> <span class='ocrx_word' id='word_1_54' title='bbox 228 885 344 958; x_wconf 76' lang='lat' dir='ltr'><strong>casibus</strong></span> <span class='ocrx_word' id='word_1_55' title='bbox 352 885 495 959; x_wconf 64' lang='lat' dir='ltr'><strong>confessio</strong></span> <span class='ocrx_word' id='word_1_56' title='bbox 507 875 591 948; x_wconf 76' lang='lat' dir='ltr'><strong>nulla</strong></span> <span class='ocrx_word' id='word_1_57' title='bbox 599 885 647 952; x_wconf 81' lang='lat' dir='ltr'><strong>sit.</strong></span> <span class='ocrx_word' id='word_1_58' title='bbox 659 893 686 942; x_wconf 87' lang='lat' dir='ltr'><strong>et</strong></span> <span class='ocrx_word' id='word_1_59' title='bbox 696 881 764 942; x_wconf 88' lang='lat' dir='ltr'><strong>idco</strong></span> <span class='ocrx_word' id='word_1_60' title='bbox 775 883 920 946; x_wconf 79' lang='lat' dir='ltr'><strong>iteranda.</strong></span> <span class='ocrx_word' id='word_1_61' title='bbox 929 885 971 957; x_wconf 89' lang='lat' dir='ltr'><strong>ib.</strong></span> <span class='ocrx_word' id='word_1_62' title='bbox 980 901 1003 942; x_wconf 88' lang='grc' dir='ltr'><strong>ι.</strong></span> <span class='ocrx_word' id='word_1_63' title='bbox 1009 883 1058 940; x_wconf 88' lang='grc'><strong>21.</strong></span> 
     </span>
     <span class='ocr_line' id='line_1_10' title="bbox 54 947 996 1034; baseline 0 -14"><span class='ocrx_word' id='word_1_64' title='bbox 54 965 141 1034; x_wconf 82' lang='lat' dir='ltr'><strong>Quid</strong></span> <span class='ocrx_word' id='word_1_65' title='bbox 163 967 201 1021; x_wconf 89' lang='lat' dir='ltr'><strong>sit</strong></span> <span class='ocrx_word' id='word_1_66' title='bbox 221 947 382 1021; x_wconf 80' lang='lat' dir='ltr'><strong>satisfactio</strong></span> <span class='ocrx_word' id='word_1_67' title='bbox 399 965 626 1027; x_wconf 73' lang='lat' dir='ltr'><strong>sacramentalis.</strong></span> <span class='ocrx_word' id='word_1_68' title='bbox 668 964 744 1032; x_wconf 77' lang='lat' dir='ltr'><strong>ibid</strong></span> <span class='ocrx_word' id='word_1_69' title='bbox 763 971 833 1022; x_wconf 78' lang='lat' dir='ltr'><strong>sect</strong></span> <span class='ocrx_word' id='word_1_70' title='bbox 849 963 897 1024; x_wconf 91' lang='grc'><strong>22.</strong></span> <span class='ocrx_word' id='word_1_71' title='bbox 993 1013 996 1020; x_wconf 90' lang='grc'><strong>.</strong></span> 
     </span>
     <span class='ocr_line' id='line_1_11' title="bbox 54 1041 1025 1116; baseline -0.002 -16"><span class='ocrx_word' id='word_1_72' title='bbox 54 1045 192 1113; x_wconf 86' lang='lat' dir='ltr'><strong>Quibus</strong></span> <span class='ocrx_word' id='word_1_73' title='bbox 198 1045 337 1116; x_wconf 73' lang='lat' dir='ltr'><strong>operibus</strong></span> <span class='ocrx_word' id='word_1_74' title='bbox 357 1045 419 1112; x_wconf 86' lang='lat' dir='ltr'><strong>Deo</strong></span> <span class='ocrx_word' id='word_1_75' title='bbox 439 1045 574 1104; x_wconf 80' lang='lat' dir='ltr'><strong>satisfieri</strong></span> <span class='ocrx_word' id='word_1_76' title='bbox 593 1045 694 1116; x_wconf 86' lang='lat' dir='ltr'><strong>possit.</strong></span> <span class='ocrx_word' id='word_1_77' title='bbox 736 1042 813 1102; x_wconf 86' lang='lat' dir='ltr'><strong>ibid.</strong></span> <span class='ocrx_word' id='word_1_78' title='bbox 835 1054 901 1100; x_wconf 88' lang='lat' dir='ltr'><strong>sect.</strong></span> <span class='ocrx_word' id='word_1_79' title='bbox 913 1041 966 1116; x_wconf 84' lang='grc'><strong>23</strong></span> <span class='ocrx_word' id='word_1_80' title='bbox 1021 1096 1025 1109; x_wconf 79' lang='lat'><strong>.</strong></span> 
     </span>
     <span class='ocr_line' id='line_1_12' title="bbox 54 1108 1062 1202; baseline -0.002 -23"><span class='ocrx_word' id='word_1_81' title='bbox 54 1126 143 1202; x_wconf 88' lang='lat' dir='ltr'><strong>Quae</strong></span> <span class='ocrx_word' id='word_1_82' title='bbox 170 1125 209 1178; x_wconf 91' lang='lat' dir='ltr'><strong>sit</strong></span> <span class='ocrx_word' id='word_1_83' title='bbox 236 1125 377 1196; x_wconf 75' lang='lat' dir='ltr'><strong>obligatio</strong></span> <span class='ocrx_word' id='word_1_84' title='bbox 405 1125 578 1194; x_wconf 84' lang='lat' dir='ltr'><strong>poenitentis</strong></span> <span class='ocrx_word' id='word_1_85' title='bbox 607 1125 685 1192; x_wconf 83' lang='lat' dir='ltr'><strong>circa</strong></span> <span class='ocrx_word' id='word_1_86' title='bbox 717 1108 945 1180; x_wconf 82' lang='lat' dir='ltr'><strong>satisfactionem</strong></span> <span class='ocrx_word' id='word_1_87' title='bbox 981 1135 1062 1190; x_wconf 81' lang='lat' dir='ltr'><strong>acce-</strong></span> 
     </span>
     <span class='ocr_line' id='line_1_13' title="bbox 101 1201 655 1274; baseline 0.004 -16"><span class='ocrx_word' id='word_1_88' title='bbox 101 1201 526 1274; x_wconf 74' lang='grc' dir='ltr'><strong>ιιιιιιιιιιιιι.11ι1ιι.ιιιι,2ιι.“</strong></span> <span class='ocrx_word' id='word_1_89' title='bbox 615 1228 619 1268; x_wconf 79' lang='lat'><em>3</em></span> <span class='ocrx_word' id='word_1_90' title='bbox 652 1259 655 1268; x_wconf 32' lang='lat'><strong>⁴</strong></span> 
     </span>
    </p>
   </div>
   <div class='ocr_carea' id='block_1_3' title="bbox 126 1340 989 1441">
    <p class='ocr_par' dir='ltr' id='par_1_3' title="bbox 126 1340 989 1441">
     <span class='ocr_line' id='line_1_14' title="bbox 126 1340 989 1441; baseline -0.003 -28"><span class='ocrx_word' id='word_1_91' title='bbox 126 1357 138 1371; x_wconf 82' lang='grc'><strong>“’</strong></span> <span class='ocrx_word' id='word_1_92' title='bbox 193 1345 215 1384; x_wconf 92' lang='lat'>⁸</span> <span class='ocrx_word' id='word_1_93' title='bbox 281 1340 337 1412; x_wconf 76' lang='lat' dir='ltr'><strong>iic</strong></span> <span class='ocrx_word' id='word_1_94' title='bbox 354 1347 567 1441; x_wconf 71' lang='lat' dir='ltr'><strong>indulgentiis</strong></span> <span class='ocrx_word' id='word_1_95' title='bbox 586 1356 620 1436; x_wconf 74' lang='lat' dir='ltr'><strong>et</strong></span> <span class='ocrx_word' id='word_1_96' title='bbox 628 1355 839 1427; x_wconf 68' lang='lat' dir='ltr'><strong>purgatorio.</strong></span> <span class='ocrx_word' id='word_1_97' title='bbox 924 1363 927 1372; x_wconf 79' lang='grc'><em>’</em></span> <span class='ocrx_word' id='word_1_98' title='bbox 985 1361 989 1368; x_wconf 89' lang='grc'><strong><em>·</em></strong></span> 
     </span>
    </p>
   </div>
   <div class='ocr_carea' id='block_1_4' title="bbox 56 1441 1119 1964">
    <p class='ocr_par' dir='ltr' id='par_1_4' title="bbox 56 1441 1119 1944">
     <span class='ocr_line' id='line_1_15' title="bbox 114 1441 1060 1548; baseline -0.002 -17.979"><span class='ocrx_word' id='word_1_99' title='bbox 114 1473 197 1531; x_wconf 76' lang='lat' dir='ltr'><strong>Cum</strong></span> <span class='ocrx_word' id='word_1_100' title='bbox 211 1441 270 1546; x_wconf 73' lang='grc' dir='ltr'><strong>ιιιι</strong></span> <span class='ocrx_word' id='word_1_101' title='bbox 290 1443 489 1546; x_wconf 79' lang='lat' dir='ltr'><strong>indulgentias</strong></span> <span class='ocrx_word' id='word_1_102' title='bbox 509 1453 688 1540; x_wconf 80' lang='lat' dir='ltr'><strong>condonetur</strong></span> <span class='ocrx_word' id='word_1_103' title='bbox 708 1489 803 1548; x_wconf 81' lang='lat' dir='ltr'><strong>poena</strong></span> <span class='ocrx_word' id='word_1_104' title='bbox 820 1471 947 1542; x_wconf 81' lang='lat' dir='ltr'><strong>peccatis</strong></span> <span class='ocrx_word' id='word_1_105' title='bbox 963 1450 1060 1542; x_wconf 77' lang='lat' dir='ltr'><strong>quoad</strong></span> 
     </span>
     <span class='ocr_line' id='line_1_16' title="bbox 59 1551 1119 1644; baseline -0.002 -34"><span class='ocrx_word' id='word_1_106' title='bbox 59 1553 182 1644; x_wconf 87' lang='lat' dir='ltr'><strong>culpam</strong></span> <span class='ocrx_word' id='word_1_107' title='bbox 203 1555 330 1610; x_wconf 75' lang='lat' dir='ltr'>remissis</span> <span class='ocrx_word' id='word_1_108' title='bbox 352 1553 465 1620; x_wconf 82' lang='lat' dir='ltr'><strong>debita,</strong></span> <span class='ocrx_word' id='word_1_109' title='bbox 486 1568 539 1623; x_wconf 86' lang='lat' dir='ltr'><strong>pro</strong></span> <span class='ocrx_word' id='word_1_110' title='bbox 555 1569 614 1624; x_wconf 86' lang='lat' dir='ltr'><strong>qua</strong></span> <span class='ocrx_word' id='word_1_111' title='bbox 627 1551 795 1626; x_wconf 78' lang='lat' dir='ltr'><strong>satisfactio</strong></span> <span class='ocrx_word' id='word_1_112' title='bbox 792 1558 873 1607; x_wconf 83' lang='grc' dir='ltr'><strong>ιιιιι</strong></span> <span class='ocrx_word' id='word_1_113' title='bbox 888 1551 1060 1630; x_wconf 73' lang='lat' dir='ltr'><strong>exolvendo,</strong></span> <span class='ocrx_word' id='word_1_114' title='bbox 1117 1558 1119 1561; x_wconf 78' lang='grc'><strong>’</strong></span> 
     </span>
     <span class='ocr_line' id='line_1_17' title="bbox 57 1616 1063 1711; baseline -0.003 -23"><span class='ocrx_word' id='word_1_115' title='bbox 57 1632 144 1688; x_wconf 90' lang='lat' dir='ltr'><strong>etin</strong></span> <span class='ocrx_word' id='word_1_116' title='bbox 172 1629 341 1704; x_wconf 78' lang='lat' dir='ltr'><strong>purgatorio</strong></span> <span class='ocrx_word' id='word_1_117' title='bbox 369 1640 435 1704; x_wconf 87' lang='lat' dir='ltr'><strong>post</strong></span> <span class='ocrx_word' id='word_1_118' title='bbox 455 1633 534 1711; x_wconf 83' lang='lat' dir='ltr'><strong>hanc</strong></span> <span class='ocrx_word' id='word_1_119' title='bbox 551 1633 641 1687; x_wconf 87' lang='lat' dir='ltr'><strong>vitam</strong></span> <span class='ocrx_word' id='word_1_120' title='bbox 669 1647 763 1702; x_wconf 84' lang='lat' dir='ltr'><strong>poena</strong></span> <span class='ocrx_word' id='word_1_121' title='bbox 789 1616 843 1704; x_wconf 86' lang='lat' dir='ltr'><strong>illa</strong></span> <span class='ocrx_word' id='word_1_122' title='bbox 863 1621 926 1692; x_wconf 77' lang='lat' dir='ltr'><strong>luat</strong></span> <span class='ocrx_word' id='word_1_123' title='bbox 915 1638 976 1698; x_wconf 87' lang='lat' dir='ltr'><strong>tur,</strong></span> <span class='ocrx_word' id='word_1_124' title='bbox 1005 1644 1063 1704; x_wconf 86' lang='lat' dir='ltr'><strong>pro</strong></span> 
     </span>
     <span class='ocr_line' id='line_1_18' title="bbox 58 1704 1063 1784; baseline 0 -18"><span class='ocrx_word' id='word_1_125' title='bbox 58 1727 123 1784; x_wconf 86' lang='lat' dir='ltr'><strong>qus</strong></span> <span class='ocrx_word' id='word_1_126' title='bbox 142 1711 354 1767; x_wconf 77' lang='lat' dir='ltr'><strong>satisfactioni</strong></span> <span class='ocrx_word' id='word_1_127' title='bbox 376 1713 431 1768; x_wconf 89' lang='lat' dir='ltr'><strong>bac</strong></span> <span class='ocrx_word' id='word_1_128' title='bbox 450 1713 512 1768; x_wconf 78' lang='lat' dir='ltr'><strong>vita</strong></span> <span class='ocrx_word' id='word_1_129' title='bbox 532 1728 589 1768; x_wconf 92' lang='lat' dir='ltr'><strong>non</strong></span> <span class='ocrx_word' id='word_1_130' title='bbox 612 1719 685 1766; x_wconf 89' lang='lat' dir='ltr'><strong>esset</strong></span> <span class='ocrx_word' id='word_1_131' title='bbox 706 1709 838 1768; x_wconf 81' lang='lat' dir='ltr'><strong>exoluta:</strong></span> <span class='ocrx_word' id='word_1_132' title='bbox 852 1704 933 1772; x_wconf 87' lang='lat' dir='ltr'><strong>ideo</strong></span> <span class='ocrx_word' id='word_1_133' title='bbox 954 1709 1063 1768; x_wconf 77' lang='lat' dir='ltr'><strong>doctri</strong></span> 
     </span>
     <span class='ocr_line' id='line_1_19' title="bbox 56 1776 1064 1866; baseline 0 -20"><span class='ocrx_word' id='word_1_134' title='bbox 56 1805 119 1846; x_wconf 84' lang='lat' dir='ltr'><strong>nne</strong></span> <span class='ocrx_word' id='word_1_135' title='bbox 141 1789 177 1844; x_wconf 85' lang='lat' dir='ltr'><strong>de</strong></span> <span class='ocrx_word' id='word_1_136' title='bbox 198 1793 393 1849; x_wconf 70' lang='lat' dir='ltr'><strong>satisfactione</strong></span> <span class='ocrx_word' id='word_1_137' title='bbox 421 1788 496 1847; x_wconf 82' lang='lat' dir='ltr'><strong>rac&#39;t&#39;e</strong></span> <span class='ocrx_word' id='word_1_138' title='bbox 517 1781 773 1866; x_wconf 60' lang='lat' dir='ltr'><strong>subjungimus,</strong></span> <span class='ocrx_word' id='word_1_139' title='bbox 802 1806 874 1862; x_wconf 80' lang='lat' dir='ltr'><strong>quoe</strong></span> <span class='ocrx_word' id='word_1_140' title='bbox 896 1797 938 1846; x_wconf 88' lang='lat' dir='ltr'><strong>est</strong></span> <span class='ocrx_word' id='word_1_141' title='bbox 960 1788 995 1848; x_wconf 89' lang='lat' dir='ltr'><strong>do</strong></span> <span class='ocrx_word' id='word_1_142' title='bbox 1015 1776 1064 1861; x_wconf 62' lang='lat' dir='ltr'><strong>in}</strong></span> 
     </span>
     <span class='ocr_line' id='line_1_20' title="bbox 61 1869 472 1964; baseline 0.005 -38"><span class='ocrx_word' id='word_1_143' title='bbox 61 1869 227 1964; x_wconf 76' lang='lat' dir='ltr'><strong>dulgentiis</strong></span> <span class='ocrx_word' id='word_1_144' title='bbox 248 1878 276 1925; x_wconf 86' lang='lat' dir='ltr'><strong>et</strong></span> <span class='ocrx_word' id='word_1_145' title='bbox 295 1873 472 1958; x_wconf 83' lang='lat' dir='ltr'><strong>purgatorio</strong></span> 
     </span>
    </p>
   </div>
   <div class='ocr_carea' id='block_1_5' title="bbox 49 1935 1101 2357">
    <p class='ocr_par' dir='ltr' id='par_1_5' title="bbox 49 1935 1101 2357">
     <span class='ocr_line' id='line_1_21' title="bbox 62 1935 1101 2038; baseline 0 -17"><span class='ocrx_word' id='word_1_146' title='bbox 62 1967 147 2035; x_wconf 86' lang='lat' dir='ltr'><strong>Quid</strong></span> <span class='ocrx_word' id='word_1_147' title='bbox 166 1982 218 2038; x_wconf 83' lang='lat' dir='ltr'><strong>per</strong></span> <span class='ocrx_word' id='word_1_148' title='bbox 239 1983 342 2022; x_wconf 87' lang='lat' dir='ltr'><strong>nomeu</strong></span> <span class='ocrx_word' id='word_1_149' title='bbox 363 1953 562 2038; x_wconf 77' lang='lat' dir='ltr'><strong>indulgentiae</strong></span> <span class='ocrx_word' id='word_1_150' title='bbox 583 1935 773 2036; x_wconf 75' lang='lat' dir='ltr'><strong>intelligatur.</strong></span> <span class='ocrx_word' id='word_1_151' title='bbox 808 1965 930 2023; x_wconf 84' lang='grc' dir='ltr'><strong>Ριιιι2</strong></span> <span class='ocrx_word' id='word_1_152' title='bbox 940 1927 1060 2026; x_wconf 84' lang='lat' dir='ltr'><strong>tracti.</strong></span> <span class='ocrx_word' id='word_1_153' title='bbox 1099 1967 1101 1972; x_wconf 82' lang='grc'>’</span> 
     </span>
     <span class='ocr_line' id='line_1_22' title="bbox 108 2043 1040 2135; baseline 0.001 -33"><span class='ocrx_word' id='word_1_154' title='bbox 108 2061 170 2135; x_wconf 84' lang='lat' dir='ltr'><strong>cap.</strong></span> <span class='ocrx_word' id='word_1_155' title='bbox 187 2047 214 2102; x_wconf 92' lang='lat'><strong>6.</strong></span> <span class='ocrx_word' id='word_1_156' title='bbox 237 2055 306 2128; x_wconf 84' lang='lat' dir='ltr'><strong>post</strong></span> <span class='ocrx_word' id='word_1_157' title='bbox 323 2054 391 2102; x_wconf 88' lang='lat' dir='ltr'><strong>sect.</strong></span> <span class='ocrx_word' id='word_1_158' title='bbox 406 2043 485 2102; x_wconf 76' lang='lat'><strong>2⁵.</strong></span> <span class='ocrx_word' id='word_1_159' title='bbox 477 2062 521 2099; x_wconf 91' lang='grc' dir='ltr'><strong>ιιι</strong></span> <span class='ocrx_word' id='word_1_160' title='bbox 530 2046 655 2116; x_wconf 89' lang='lat' dir='ltr'><strong>append.</strong></span> <span class='ocrx_word' id='word_1_161' title='bbox 673 2045 704 2118; x_wconf 90' lang='lat'><strong>6.</strong></span> <span class='ocrx_word' id='word_1_162' title='bbox 727 2043 753 2103; x_wconf 85' lang='lat' dir='ltr'><strong>l</strong></span> <span class='ocrx_word' id='word_1_163' title='bbox 1038 2066 1040 2072; x_wconf 68' lang='grc'>’</span> 
     </span>
     <span class='ocr_line' id='line_1_23' title="bbox 61 2091 1061 2194; baseline 0.001 -13"><span class='ocrx_word' id='word_1_164' title='bbox 61 2125 144 2181; x_wconf 85' lang='lat' dir='ltr'><strong>An</strong></span> <span class='ocrx_word' id='word_1_165' title='bbox 135 2141 166 2182; x_wconf 88' lang='grc' dir='ltr'><strong>ιιι</strong></span> <span class='ocrx_word' id='word_1_166' title='bbox 187 2121 319 2180; x_wconf 79' lang='lat' dir='ltr'><strong>Ecclesia</strong></span> <span class='ocrx_word' id='word_1_167' title='bbox 341 2132 418 2180; x_wconf 86' lang='lat' dir='ltr'><strong>extet</strong></span> <span class='ocrx_word' id='word_1_168' title='bbox 439 2125 588 2194; x_wconf 79' lang='lat' dir='ltr'><strong>thesaurus</strong></span> <span class='ocrx_word' id='word_1_169' title='bbox 616 2141 652 2181; x_wconf 79' lang='lat' dir='ltr'><strong>ex</strong></span> <span class='ocrx_word' id='word_1_170' title='bbox 673 2124 920 2194; x_wconf 72' lang='lat' dir='ltr'><strong>satisfactionibus</strong></span> <span class='ocrx_word' id='word_1_171' title='bbox 952 2091 1061 2183; x_wconf 66' lang='lat' dir='ltr'><strong>obsistt</strong></span> 
     </span>
     <span class='ocr_line' id='line_1_24' title="bbox 109 2189 1061 2276; baseline -0.004 -14"><span class='ocrx_word' id='word_1_172' title='bbox 109 2212 135 2262; x_wconf 81' lang='lat' dir='ltr'><strong>ei</strong></span> <span class='ocrx_word' id='word_1_173' title='bbox 158 2207 326 2268; x_wconf 82' lang='lat' dir='ltr'><strong>Sanctorum</strong></span> <span class='ocrx_word' id='word_1_174' title='bbox 353 2189 660 2276; x_wconf 70' lang='lat' dir='ltr'><strong>superabundantibus</strong></span> <span class='ocrx_word' id='word_1_175' title='bbox 689 2205 881 2274; x_wconf 83' lang='lat' dir='ltr'><strong>compositus,</strong></span> <span class='ocrx_word' id='word_1_176' title='bbox 911 2203 989 2260; x_wconf 89' lang='lat' dir='ltr'><strong>uude</strong></span> <span class='ocrx_word' id='word_1_177' title='bbox 1010 2219 1061 2274; x_wconf 85' lang='lat' dir='ltr'><strong>ap·</strong></span> 
     </span>
     <span class='ocr_line' id='line_1_25' title="bbox 49 2282 983 2357; baseline 0 -19"><span class='ocrx_word' id='word_1_178' title='bbox 49 2285 53 2292; x_wconf 87' lang='lat'><em>&#39;</em></span> <span class='ocrx_word' id='word_1_179' title='bbox 105 2284 260 2355; x_wconf 85' lang='lat' dir='ltr'><strong>plicandae</strong></span> <span class='ocrx_word' id='word_1_180' title='bbox 282 2284 418 2352; x_wconf 75' lang='lat' dir='ltr'><strong>fidelibus</strong></span> <span class='ocrx_word' id='word_1_181' title='bbox 427 2282 638 2357; x_wconf 73' lang='lat' dir='ltr'><strong>indulgentiae</strong></span> <span class='ocrx_word' id='word_1_182' title='bbox 659 2285 854 2354; x_wconf 78' lang='lat' dir='ltr'><strong>proferuntur.</strong></span> <span class='ocrx_word' id='word_1_183' title='bbox 897 2283 983 2352; x_wconf 92' lang='lat' dir='ltr'><strong>ibid.</strong></span> 
     </span>
    </p>
   </div>
   <div class='ocr_carea' id='block_1_6' title="bbox 57 2337 1147 2434">
    <p class='ocr_par' dir='ltr' id='par_1_6' title="bbox 57 2337 1147 2434">
     <span class='ocr_line' id='line_1_26' title="bbox 57 2337 1147 2434; baseline -0.001 -14.997"><span class='ocrx_word' id='word_1_184' title='bbox 57 2365 113 2419; x_wconf 79' lang='grc' dir='ltr'><strong>ΙΑιι</strong></span> <span class='ocrx_word' id='word_1_185' title='bbox 122 2365 248 2432; x_wconf 81' lang='lat' dir='ltr'><strong>thesauri</strong></span> <span class='ocrx_word' id='word_1_186' title='bbox 257 2365 338 2428; x_wconf 85' lang='lat' dir='ltr'><strong>illius</strong></span> <span class='ocrx_word' id='word_1_187' title='bbox 349 2363 684 2433; x_wconf 81' lang='lat' dir='ltr'><strong>dispensatioEchesine</strong></span> <span class='ocrx_word' id='word_1_188' title='bbox 693 2379 710 2416; x_wconf 87' lang='lat' dir='ltr'><strong>a</strong></span> <span class='ocrx_word' id='word_1_189' title='bbox 719 2363 832 2418; x_wconf 88' lang='lat' dir='ltr'><strong>Christo</strong></span> <span class='ocrx_word' id='word_1_190' title='bbox 840 2337 1003 2434; x_wconf 80' lang='lat' dir='ltr'><strong>creditasit.</strong></span> <span class='ocrx_word' id='word_1_191' title='bbox 1015 2363 1061 2430; x_wconf 79' lang='grc'><strong>11).</strong></span> <span class='ocrx_word' id='word_1_192' title='bbox 1145 2377 1147 2382; x_wconf 80' lang='grc'>’</span> 
     </span>
    </p>
   </div>
   <div class='ocr_carea' id='block_1_7' title="bbox 62 2441 1063 3274">
    <p class='ocr_par' dir='ltr' id='par_1_7' title="bbox 64 2441 794 2514">
     <span class='ocr_line' id='line_1_27' title="bbox 64 2441 794 2514; baseline -0.003 -17"><span class='ocrx_word' id='word_1_193' title='bbox 64 2443 204 2509; x_wconf 83' lang='lat' dir='ltr'><strong>Quianam</strong></span> <span class='ocrx_word' id='word_1_194' title='bbox 226 2447 264 2498; x_wconf 90' lang='lat' dir='ltr'><strong>sit</strong></span> <span class='ocrx_word' id='word_1_195' title='bbox 284 2443 529 2514; x_wconf 79' lang='lat' dir='ltr'><strong>indulgentiarum</strong></span> <span class='ocrx_word' id='word_1_196' title='bbox 552 2443 675 2498; x_wconf 86' lang='lat' dir='ltr'><strong>effeetus</strong></span> <span class='ocrx_word' id='word_1_197' title='bbox 718 2441 794 2497; x_wconf 89' lang='lat' dir='ltr'><strong>ibid</strong></span> 
     </span>
    </p>

    <p class='ocr_par' dir='ltr' id='par_1_8' title="bbox 63 2522 699 2594">
     <span class='ocr_line' id='line_1_28' title="bbox 63 2522 699 2594; baseline -0.002 -17"><span class='ocrx_word' id='word_1_198' title='bbox 63 2523 256 2592; x_wconf 84' lang='lat' dir='ltr'><strong>Quotuplices</strong></span> <span class='ocrx_word' id='word_1_199' title='bbox 278 2525 336 2578; x_wconf 87' lang='lat' dir='ltr'><strong>siut</strong></span> <span class='ocrx_word' id='word_1_200' title='bbox 355 2522 591 2594; x_wconf 81' lang='lat' dir='ltr'><strong>indulgentiae.</strong></span> <span class='ocrx_word' id='word_1_201' title='bbox 588 2522 699 2583; x_wconf 83' lang='lat' dir='ltr'><strong>ibid</strong></span> 
     </span>
    </p>

    <p class='ocr_par' dir='ltr' id='par_1_9' title="bbox 62 2572 1005 2696">
     <span class='ocr_line' id='line_1_29' title="bbox 62 2572 1005 2696; baseline -0.002 -38"><span class='ocrx_word' id='word_1_202' title='bbox 62 2601 116 2658; x_wconf 91' lang='lat' dir='ltr'><strong>Ad</strong></span> <span class='ocrx_word' id='word_1_203' title='bbox 137 2617 219 2672; x_wconf 84' lang='lat' dir='ltr'><strong>quern</strong></span> <span class='ocrx_word' id='word_1_204' title='bbox 240 2602 383 2696; x_wconf 82' lang='lat' dir='ltr'><strong>pertineat</strong></span> <span class='ocrx_word' id='word_1_205' title='bbox 405 2602 561 2656; x_wconf 84' lang='lat' dir='ltr'><strong>concedere</strong></span> <span class='ocrx_word' id='word_1_206' title='bbox 583 2572 789 2672; x_wconf 80' lang='lat' dir='ltr'><strong>indulgentias.</strong></span> <span class='ocrx_word' id='word_1_207' title='bbox 831 2600 907 2655; x_wconf 91' lang='lat' dir='ltr'><strong>ibid.</strong></span> <span class='ocrx_word' id='word_1_208' title='bbox 931 2597 955 2671; x_wconf 89' lang='lat'><strong>6.</strong></span> <span class='ocrx_word' id='word_1_209' title='bbox 978 2598 1005 2656; x_wconf 88' lang='grc'><strong>2,</strong></span> 
     </span>
    </p>

    <p class='ocr_par' dir='ltr' id='par_1_10' title="bbox 63 2670 1063 2837">
     <span class='ocr_line' id='line_1_30' title="bbox 63 2670 1063 2756; baseline -0.003 -20"><span class='ocrx_word' id='word_1_210' title='bbox 63 2677 214 2749; x_wconf 81' lang='lat' dir='ltr'><strong>Quaenam</strong></span> <span class='ocrx_word' id='word_1_211' title='bbox 237 2670 441 2752; x_wconf 79' lang='lat' dir='ltr'><strong>dispositiones</strong></span> <span class='ocrx_word' id='word_1_212' title='bbox 469 2681 654 2752; x_wconf 84' lang='lat' dir='ltr'><strong>requirantur</strong></span> <span class='ocrx_word' id='word_1_213' title='bbox 679 2681 711 2733; x_wconf 90' lang='lat' dir='ltr'><strong>in</strong></span> <span class='ocrx_word' id='word_1_214' title='bbox 733 2696 781 2746; x_wconf 85' lang='lat' dir='ltr'><strong>eo,</strong></span> <span class='ocrx_word' id='word_1_215' title='bbox 811 2682 862 2756; x_wconf 85' lang='lat' dir='ltr'><strong>qul</strong></span> <span class='ocrx_word' id='word_1_216' title='bbox 883 2673 1063 2752; x_wconf 77' lang='lat' dir='ltr'><strong>indulgenti·</strong></span> 
     </span>
     <span class='ocr_line' id='line_1_31' title="bbox 108 2748 1027 2837; baseline 0.001 -23"><span class='ocrx_word' id='word_1_217' title='bbox 108 2776 187 2818; x_wconf 87' lang='lat' dir='ltr'><strong>arum</strong></span> <span class='ocrx_word' id='word_1_218' title='bbox 208 2761 332 2815; x_wconf 80' lang='lat' dir='ltr'><strong>fructum</strong></span> <span class='ocrx_word' id='word_1_219' title='bbox 353 2761 503 2837; x_wconf 87' lang='lat' dir='ltr'><strong>percipere</strong></span> <span class='ocrx_word' id='word_1_220' title='bbox 524 2760 673 2814; x_wconf 88' lang='lat' dir='ltr'><strong>intendit.</strong></span> <span class='ocrx_word' id='word_1_221' title='bbox 684 2757 777 2813; x_wconf 87' lang='lat' dir='ltr'><strong>ibid.</strong></span> <span class='ocrx_word' id='word_1_222' title='bbox 799 2757 823 2830; x_wconf 91' lang='lat'><strong>6.</strong></span> <span class='ocrx_word' id='word_1_223' title='bbox 846 2748 874 2815; x_wconf 92' lang='lat'><strong>3.</strong></span> <span class='ocrx_word' id='word_1_224' title='bbox 1024 2763 1027 2774; x_wconf 61' lang='lat'>¹</span> 
     </span>
    </p>

    <p class='ocr_par' dir='ltr' id='par_1_11' title="bbox 65 2835 884 2915">
     <span class='ocr_line' id='line_1_32' title="bbox 65 2835 884 2915; baseline -0.001 -23"><span class='ocrx_word' id='word_1_225' title='bbox 65 2837 145 2908; x_wconf 77' lang='lat' dir='ltr'><strong>Quid</strong></span> <span class='ocrx_word' id='word_1_226' title='bbox 164 2839 326 2912; x_wconf 82' lang='lat' dir='ltr'><strong>purgato&#39;rii</strong></span> <span class='ocrx_word' id='word_1_227' title='bbox 347 2842 464 2894; x_wconf 85' lang='lat' dir='ltr'><strong>nomine</strong></span> <span class='ocrx_word' id='word_1_228' title='bbox 485 2839 698 2912; x_wconf 76' lang='lat' dir='ltr'><strong>intelligitur.</strong></span> <span class='ocrx_word' id='word_1_229' title='bbox 716 2837 791 2892; x_wconf 90' lang='lat' dir='ltr'><strong>ibid.</strong></span> <span class='ocrx_word' id='word_1_230' title='bbox 816 2835 840 2915; x_wconf 88' lang='lat'><strong>6.</strong></span> <span class='ocrx_word' id='word_1_231' title='bbox 857 2839 884 2892; x_wconf 90' lang='lat'><strong>4.</strong></span> 
     </span>
    </p>

    <p class='ocr_par' dir='ltr' id='par_1_12' title="bbox 64 2909 979 2991">
     <span class='ocr_line' id='line_1_33' title="bbox 64 2909 979 2991; baseline -0.003 -17"><span class='ocrx_word' id='word_1_232' title='bbox 64 2919 218 2974; x_wconf 85' lang='lat' dir='ltr'><strong>Undenam</strong></span> <span class='ocrx_word' id='word_1_233' title='bbox 241 2927 350 2975; x_wconf 86' lang='lat' dir='ltr'><strong>constet</strong></span> <span class='ocrx_word' id='word_1_234' title='bbox 370 2936 430 2975; x_wconf 89' lang='lat' dir='ltr'><strong>esse</strong></span> <span class='ocrx_word' id='word_1_235' title='bbox 451 2913 657 2991; x_wconf 81' lang='lat' dir='ltr'><strong>purgatorium.</strong></span> <span class='ocrx_word' id='word_1_236' title='bbox 700 2909 775 2972; x_wconf 85' lang='lat' dir='ltr'><strong>ibid.</strong></span> <span class='ocrx_word' id='word_1_237' title='bbox 975 2921 979 2928; x_wconf 87' lang='lat'>&#39;</span> 
     </span>
    </p>

    <p class='ocr_par' dir='ltr' id='par_1_13' title="bbox 65 2997 750 3071">
     <span class='ocr_line' id='line_1_34' title="bbox 65 2997 750 3071; baseline -0.004 -16"><span class='ocrx_word' id='word_1_238' title='bbox 65 2997 195 3055; x_wconf 83' lang='lat' dir='ltr'><strong>Ubinam</strong></span> <span class='ocrx_word' id='word_1_239' title='bbox 218 2997 255 3052; x_wconf 89' lang='lat' dir='ltr'><strong>sit</strong></span> <span class='ocrx_word' id='word_1_240' title='bbox 275 3001 436 3071; x_wconf 80' lang='lat' dir='ltr'><strong>purgatorii</strong></span> <span class='ocrx_word' id='word_1_241' title='bbox 456 3001 547 3054; x_wconf 80' lang='lat' dir='ltr'><strong>locus.</strong></span> <span class='ocrx_word' id='word_1_242' title='bbox 589 2999 680 3060; x_wconf 80' lang='lat' dir='ltr'><strong>ibid..</strong></span> <span class='ocrx_word' id='word_1_243' title='bbox 746 3011 750 3032; x_wconf 68' lang='grc' dir='ltr'><strong>ι</strong></span> 
     </span>
    </p>

    <p class='ocr_par' dir='ltr' id='par_1_14' title="bbox 65 3043 879 3147">
     <span class='ocr_line' id='line_1_35' title="bbox 65 3043 879 3147; baseline -0.002 -15"><span class='ocrx_word' id='word_1_244' title='bbox 65 3077 181 3146; x_wconf 81' lang='lat' dir='ltr'><strong>Quanto</strong></span> <span class='ocrx_word' id='word_1_245' title='bbox 203 3086 331 3147; x_wconf 88' lang='lat' dir='ltr'><strong>tempore</strong></span> <span class='ocrx_word' id='word_1_246' title='bbox 352 3080 427 3133; x_wconf 86' lang='lat' dir='ltr'><strong>illic</strong></span> <span class='ocrx_word' id='word_1_247' title='bbox 437 3081 549 3132; x_wconf 89' lang='lat' dir='ltr'><strong>animae</strong></span> <span class='ocrx_word' id='word_1_248' title='bbox 571 3043 718 3132; x_wconf 88' lang='lat' dir='ltr'><strong>detineant</strong></span> <span class='ocrx_word' id='word_1_249' title='bbox 707 3084 773 3132; x_wconf 63' lang='lat' dir='ltr'><strong>tucr</strong></span> <span class='ocrx_word' id='word_1_250' title='bbox 802 3073 879 3130; x_wconf 89' lang='lat' dir='ltr'><strong>ibid.</strong></span> 
     </span>
    </p>

    <p class='ocr_par' dir='ltr' id='par_1_15' title="bbox 66 3093 1062 3274">
     <span class='ocr_line' id='line_1_36' title="bbox 66 3093 1062 3274; baseline -0.003 -62"><span class='ocrx_word' id='word_1_251' title='bbox 66 3155 177 3226; x_wconf 78' lang='lat' dir='ltr'><strong>Quibus</strong></span> <span class='ocrx_word' id='word_1_252' title='bbox 199 3153 292 3248; x_wconf 82' lang='lat' dir='ltr'><strong>modis</strong></span> <span class='ocrx_word' id='word_1_253' title='bbox 314 3159 427 3264; x_wconf 79' lang='lat' dir='ltr'><strong>animae</strong></span> <span class='ocrx_word' id='word_1_254' title='bbox 447 3157 513 3211; x_wconf 88' lang='lat' dir='ltr'><strong>illic</strong></span> <span class='ocrx_word' id='word_1_255' title='bbox 534 3159 690 3274; x_wconf 80' lang='lat' dir='ltr'><strong>existentes</strong></span> <span class='ocrx_word' id='word_1_256' title='bbox 707 3157 807 3270; x_wconf 66' lang='lat' dir='ltr'><strong>jurari</strong></span> <span class='ocrx_word' id='word_1_257' title='bbox 827 3093 947 3226; x_wconf 84' lang='lat' dir='ltr'><strong>possint.</strong></span> <span class='ocrx_word' id='word_1_258' title='bbox 974 3147 1062 3238; x_wconf 83' lang='lat' dir='ltr'><strong>ibid.</strong></span> 
     </span>
    </p>
   </div>
   <div class='ocr_carea' id='block_1_8' title="bbox 357 3249 1016 3370">
    <p class='ocr_par' dir='ltr' id='par_1_16' title="bbox 357 3249 1016 3370">
     <span class='ocr_line' id='line_1_37' title="bbox 357 3249 1016 3370; baseline -0.027 -2"><span class='ocrx_word' id='word_1_259' title='bbox 357 3254 420 3368; x_wconf 75' lang='lat' dir='ltr'><strong>lie·</strong></span> <span class='ocrx_word' id='word_1_260' title='bbox 425 3311 583 3367; x_wconf 79' lang='lat' dir='ltr'><strong>Extrema</strong></span> <span class='ocrx_word' id='word_1_261' title='bbox 601 3249 772 3370; x_wconf 69' lang='lat' dir='ltr'><strong>iinctlouet</strong></span> <span class='ocrx_word' id='word_1_262' title='bbox 825 3305 826 3310; x_wconf 76' lang='grc'>’</span> <span class='ocrx_word' id='word_1_263' title='bbox 1014 3341 1016 3350; x_wconf 80' lang='grc'><strong>,</strong></span> 
     </span>
    </p>
   </div>
   <div class='ocr_carea' id='block_1_9' title="bbox 65 3405 1064 3580">
    <p class='ocr_par' dir='ltr' id='par_1_17' title="bbox 65 3405 1064 3580">
     <span class='ocr_line' id='line_1_38' title="bbox 126 3405 1063 3504; baseline -0.002 -22"><span class='ocrx_word' id='word_1_264' title='bbox 126 3415 261 3504; x_wconf 53' lang='lat' dir='ltr'><strong>Extremi}</strong></span> <span class='ocrx_word' id='word_1_265' title='bbox 282 3415 389 3486; x_wconf 79' lang='lat' dir='ltr'><strong>Unctio</strong></span> <span class='ocrx_word' id='word_1_266' title='bbox 404 3435 453 3484; x_wconf 86' lang='lat' dir='ltr'><strong>est</strong></span> <span class='ocrx_word' id='word_1_267' title='bbox 475 3405 690 3500; x_wconf 80' lang='lat' dir='ltr'><strong>Sacramentum</strong></span> <span class='ocrx_word' id='word_1_268' title='bbox 710 3442 727 3479; x_wconf 88' lang='grc' dir='ltr'><strong>ι</strong></span> <span class='ocrx_word' id='word_1_269' title='bbox 749 3425 873 3502; x_wconf 86' lang='lat' dir='ltr'><strong>Christo</strong></span> <span class='ocrx_word' id='word_1_270' title='bbox 883 3415 1063 3495; x_wconf 61' lang='lat' dir='ltr'><strong>inemptum,</strong></span> 
     </span>
     <span class='ocr_line' id='line_1_39' title="bbox 65 3499 1064 3580; baseline -0.009 -12"><span class='ocrx_word' id='word_1_271' title='bbox 65 3513 98 3568; x_wconf 90' lang='lat' dir='ltr'><strong>in</strong></span> <span class='ocrx_word' id='word_1_272' title='bbox 121 3523 176 3580; x_wconf 87' lang='lat' dir='ltr'><strong>quo</strong></span> <span class='ocrx_word' id='word_1_273' title='bbox 206 3510 311 3563; x_wconf 88' lang='lat' dir='ltr'><strong>virtute</strong></span> <span class='ocrx_word' id='word_1_274' title='bbox 332 3503 478 3564; x_wconf 86' lang='lat' dir='ltr'><strong>unctionis</strong></span> <span class='ocrx_word' id='word_1_275' title='bbox 506 3523 592 3577; x_wconf 89' lang='lat' dir='ltr'><strong>snper</strong></span> <span class='ocrx_word' id='word_1_276' title='bbox 612 3505 733 3561; x_wconf 88' lang='lat' dir='ltr'><strong>infirmi</strong></span> <span class='ocrx_word' id='word_1_277' title='bbox 746 3499 850 3580; x_wconf 80' lang='lat' dir='ltr'><strong>corpus</strong></span> <span class='ocrx_word' id='word_1_278' title='bbox 872 3519 889 3560; x_wconf 90' lang='grc' dir='ltr'><strong>ι</strong></span> <span class='ocrx_word' id='word_1_279' title='bbox 911 3504 1064 3563; x_wconf 82' lang='lat' dir='ltr'><strong>Sacerdote</strong></span> 
     </span>
    </p>
   </div>
   <div class='ocr_carea' id='block_1_10' title="bbox 0 0 1172 3874">
    <p class='ocr_par' dir='ltr' id='par_1_18' title="bbox 0 0 1172 3874">
     <span class='ocr_line' id='line_1_40' title="bbox 0 0 1172 3874; baseline 0 0"><span class='ocrx_word' id='word_1_280' title='bbox 0 0 1172 3874; x_wconf 95' lang='lat' dir='ltr'><strong> </strong></span> 
     </span>
    </p>
   </div>
  </div>
 </body>
</html>
