2282 3876
248 165 262 223 s
323 151 482 236 6666666.
499 185 657 234 cnutonem
924 167 988 241 669
1026 213 1029 221 ·

22 304 121 373 tutetur,
141 299 172 362 16
197 321 258 368 esse
283 321 383 363 verum
405 305 544 362 avaritiae
565 307 680 430 signnm
700 295 742 360 ct
748 308 875 376 speciant
897 310 986 374 61666.
1031 365 1033 370 ,
1132 321 1133 364 t

24 381 71 438 uiae
89 384 220 452 redolere.
279 437 284 456 J
1022 393 1024 397 ’
1129 399 1133 414 ¹

64 463 87 518 6.
124 464 431 534 666616664.6611666
453 480 513 521 ease
534 425 704 531 simoniam,
735 429 851 534 666666
876 427 983 531 6611666
1034 463 1037 468 ’
1087 475 1090 489 ‘

21 549 40 596 et
55 544 116 596 alra
113 559 201 598 vasa
209 551 255 598 et
262 545 434 598 vestimenta
460 559 542 598 sacra
568 543 734 608 venduntur
761 553 810 600 aut
839 554 981 613 emuntur,
1038 575 1041 582 ,
1076 556 1079 563 ’

21 623 570 694 661666666666661166616666666
600 637 740 678 consensu
770 623 854 686 616666
878 624 985 682 suares
1025 685 1028 690 ,
1064 656 1066 664 ,

20 700 93 754 11161.
112 717 172 775 cap.
184 702 215 757 4.
239 719 316 756 uum.
336 701 380 756 12.
403 703 473 756 haec
490 711 517 756 et
532 703 650 771 similia,
671 705 804 773 quamvis
819 714 984 770 consecrata
1069 723 1070 728 ’

19 787 40 832 et
48 781 125 844 cultui
140 781 239 838 divino
254 781 359 849 6116616,
380 791 528 837 remaneat
544 797 657 852 semper
667 783 829 842 66666666]
845 800 874 842 66
884 785 984 853 pretio
1013 843 1015 850 ,

20 860 193 926 aestimabilia,
216 866 250 916 66
271 861 399 930 proinde
417 861 596 916 vendibilia:
607 863 797 921 ,66666666616
810 865 895 920 66166
910 878 982 918 non-

20 938 60 992 uisi
76 940 287 996 accidentaliter
307 942 369 994 illis
391 941 570 1008 annectitur3
600 943 626 996 61
647 951 741 1008 tamen
763 942 867 1014 majori
887 944 983 1012 pretio

22 1017 197 1087 venderentur,
216 1021 473 1092 quianonseorsta
493 1028 569 1088 snut,
591 1029 667 1076 tunc·
680 1023 804 1088 61666616
825 1023 992 1084 6666661116·-

20 1103 86 1164 66666,
106 1106 135 1154 66
154 1099 240 1156 docet
261 1097 378 1160 Toletua
392 1116 501 1170 supra,
524 1107 552 1156 66
573 1099 642 1156 66616
663 1116 715 1170 per
736 1115 766 1156 66
786 1109 891 1171 patet..
1005 1148 1018 1187 ¹
1051 1117 1060 1148 6

61 1176 133 1243 Quod
154 1187 254 1251 autem,
270 1185 380 1248 spectat
405 1179 444 1232 66,
469 1178 641 1246 simoniam,
671 1182 804 1249 quaein
831 1180 1006 1236 boneficiis„
1064 1229 1072 1244 ,.

19 1255 194 1312 ecclesiasticis
216 1259 336 1328 reperiri
352 1267 461 1328 potest,
467 1261 514 1313 lut
536 1259 652 1314 facilius
674 1266 700 1312 et
722 1262 827 1314 certius
848 1259 981 1330 dignosci
1060 1286 1062 1290 .

18 1337 100 1403 possit,
127 1338 157 1393 iu
183 1338 358 1430 quibusnam
381 1338 498 1392 casibus
518 1338 566 1392 id
572 1339 739 1410 contingat,
766 1339 982 1397 observationes
1030 1356 1034 1364 ‘

17 1413 160 1484 6116666666
182 1420 274 1489 magis
296 1418 441 1478 communi
462 1425 489 1472 et
510 1426 641 1487 recepta
654 1418 811 1475 Doctorum
839 1419 982 1526 sententia
1007 1443 1027 1480 ·,
1089 1471 1091 1478 ,

17 1491 447 1568 16666661666616116166666.Ι
975 1531 978 1540 ¹
1025 1493 1031 1500 ⁸

61 1573 147 1629 Prima
169 1583 219 1642 est,
242 1577 352 1630 nnllam
375 1591 434 1630 esse
456 1576 618 1642 simoniam,
644 1577 788 1648 resignare
809 1577 982 1642 6666116166

16 1649 38 1702 16
48 1651 163 1711 invocem
178 1655 256 1710 tertii
271 1668 335 1722 com
351 1655 496 1713 clausula:
514 1655 846 1722 Ν66611666,66661166,
863 1655 983 1728 quaudo
1027 1663 1030 1668 '

16 1727 135 1798 ejusmodi
155 1734 321 1804 resignatio
332 1732 392 1790 116·
383 1751 414 1788 m
435 1735 569 1791 manibus
590 1737 696 1792 summi
709 1735 872 1804 1166616616,
893 1742 930 1790 at
946 1752 982 1792 ox

15 1805 128 1881 11616116,
156 1813 285 1870 Navarro
311 1823 342 1868 et
363 1815 431 1872 aliis
453 1815 537 1870 docet
556 1815 672 1882 Loesius
693 1831 755 1886 oap
776 1817 823 1876 35.
846 1813 980 1882 6161614

14 1893 110 1946 etnatis
129 1909 167 1950 ea¹
185 1895 333 1956 communi
353 1909 408 1954 usn
429 1895 563 1966 etpraxi
583 1902 703 1960 constat.
766 1953 768 1960 ,
1091 1947 1095 1958 ,

59 1970 203 2040 Secunda,
221 1975 334 2028 nullam
352 1988 469 2044 ¹quoquc
491 1984 552 2028 esse
573 1975 744 2040 simoniam,
766 1973 910 2044 resignare
931 1973 992 2047 be<
1055 2003 1058 2009 ·
1121 1981 1123 1996 ·

14 2050 126 2106 reiciam
146 2055 177 2108 16
200 2053 332 2109 manibus
355 2051 485 2124 ejusdem
513 2054 617 2106 summi
643 2053 809 2120 Pontificis,
835 2060 982 2117 reservata
1053 2064 1055 2072 ’

14 2125 93 2198 aliqua
111 2131 258 2186 moderata
278 2135 433 2202 pensione,
461 2139 493 2186 ut
517 2131 604 2187 docet
623 2130 701 2186 idem
722 2133 839 2186 author
846 2131 914 2196 dub.
933 2129 981 2188 15.
1057 2185 1065 2199 ,

11 2209 237 2270 ttexcommuni
258 2227 313 2269 usn
333 2213 401 2266 satis
422 2218 508 2282 patet.
541 2211 602 2266 Imo
624 2212 760 2304 quivult
780 2213 924 2284 resignare
945 2211 981 2268 16
1023 2266 1026 2278 ,
1081 2224 1085 2240 ¹

12 2283 114 2344 favorem
137 2291 214 2369 666611
236 2291 288 2344 sub
317 2305 402 2346 onere
432 2289 574 2361 alicujus
583 2291 749 2360 pensionis,
778 2298 872 2360 potest
899 2291 980 2346 116166

13 2377 61 2420 tom
80 2369 129 2423 illo
152 2361 308 2442 transigere
330 2371 365 2424 de
387 2369 449 2434 illa,
470 2384 529 2424 nou
552 2371 668 2440 quidem
691 2367 832 2438 absolute,
853 2370 905 2424 sed
925 2370 982 2432 sub
1060 2397 1062 2402 ¹

11 2439 173 2516 beneplacito
192 2452 304 2509 summi
316 2451 483 2517 Pontificis3
504 2448 577 2504 alias
599 2451 625 2504 si
645 2450 777 2536 absolute
799 2450 921 2516 iaceret,
942 2451 992 2510 61-.
1022 2439 1037 2528 γ’
1073 2456 1076 2463 ’

11 2527 114 2584 neniam
139 2531 371 2594 committeret.
1055 2523 1058 2534 ’

56 2607 77 2658 1.
116 2609 264 2676 Quaeres,
273 2617 369 2664 utrum
384 2611 419 2675 16,
442 2609 493 2679 661
506 2608 634 2679 resignat
647 2609 702 2662 sub
718 2623 803 2662 66666
816 2575 980 2678 pensionis,

8 2677 37 2730 td
54 2685 206 2744 faciliorem
227 2696 257 2744 et
281 2689 415 2745 tutiorem
440 2689 522 2744 illius
550 2688 722 2744 solutionem
753 2685 788 2741 de
815 2687 979 2780 hypotheca
1000 2689 1031 2728 ι’
1088 2733 1089 2740 ,

9 2758 88 2832 aliqua
115 2775 165 2822 aut
196 2766 364 2838 fidejussore
396 2782 461 2822 cum
491 2769 680 2839 resignatario
712 2757 880 2826 convenire
896 2768 982 2833 licite

8 2844 87 2904 possit.
127 2845 346 2918 Respondetnr,
375 2861 475 2916 posse,
505 2845 660 2903 dummodo
686 2847 737 2900 fiat
764 2836 819 2902 sub
848 2846 982 2917 ejusdem

8 2926 104 2980 cummi
109 2925 270 2981 Pontificis
281 2926 484 2998 beneplacito,
509 2934 539 2994 et
564 2926 646 2982 611166
673 2925 846 2980 authoritate
875 2929 978 2985 ooniir

8 3007 94 3070 mctur3
105 3007 202 3066 alias
208 3007 348 3063 illicitam
362 3007 440 3075 1666,
460 3021 494 3062 aa
513 3006 668 3073 simoniam
685 3005 824 3073 redolere,
849 3005 978 3064 6616666

8 3073 65 3136 iden
85 3045 212 3152 1666166,
243 3087 301 3156 661
322 3085 408 3142 etiam
434 3095 510 3140 recte
531 3093 644 3152 monet,
673 3087 704 3139 in
732 3085 977 3156 resignationibus
1078 3131 1088 3142 ,

8 3159 217 3236 quibuscunque
228 3176 310 3230 omna
331 3171 462 3234 pactam
455 3161 507 3222 66
528 3179 612 3222 onere
634 3165 796 3235 temporali,
820 3163 985 3235 66661666
1058 3167 1072 3176 ”

8 3248 49 3290 uon
65 3251 105 3298 est
126 3258 287 3311 annexum,
315 3245 396 3300 licite
423 3245 487 3300 ieri
514 3256 573 3300 666
599 3261 683 3314 posse
707 3244 819 3312 absque
845 3245 977 3316 legitima

8 3313 180 3378 authoritate
177 3324 352 3393 superioris;
373 3323 466 3395 quod
473 3326 597 3380 manime
619 3317 831 3378 observandum
853 3331 940 3381 666,
1049 3327 1053 3332 “

51 3399 162 3471 Tertia,
160 3407 329 3474 resignare
339 3403 386 3462 661
407 3404 537 3458 conferre
556 3403 728 3459 beneficium
749 3403 870 3458 611661
861 3419 892 3459 66
908 3419 978 3458 con·

8 3472 157 3551 fidentiam,
166 3483 215 3537 id
235 3489 293 3544 ast
304 3497 341 3536 ex
354 3482 522 3542 intentione
542 3483 629 3538 illum
648 3482 833 3552 obligandi,
852 3491 884 3538 ut
911 3471 977 3552 post

8 3549 109 3626 tliquoel
137 3565 265 3634 6666666,
299 3562 477 3634 6666616666
493 3563 563 3616 nal
575 3563 667 3618 amico
701 3562 896 3634 assignantis,
925 3569 975 3626 661
1012 3575 1020 3628 J
