2356 3870
309 173 347 217 na
367 170 513 216 urrannei
532 165 720 218 macteris.
917 189 919 199 ·
948 143 1009 224 l'di

54 283 276 366 uaniqueei'iom',
308 299 372 346 ante
394 291 622 361 acceptationem
644 293 851 362 promissiones
873 305 902 350 et
923 290 1013 350 dona·
1055 289 1058 296 “

53 375 122 428 tiones
148 372 282 444 ejusmodi
310 371 459 442 obligare3
492 372 545 426 alii
572 375 640 425 vero
663 371 804 444 i‘nsoiogi
831 372 906 428 hano
927 389 1011 430 exee-

50 454 153 521 ptionem
162 469 215 507 non
227 453 391 516 admittunt,
407 455 604 521 asserantque,
620 452 778 506 universim
789 455 1010 524 promissionem

48 547 89 586 non
108 540 271 602 acceptatam
294 532 413 586 minime
435 530 581 602 obligare:
605 546 691 600 quam
713 532 882 588 sententiam
904 534 1010 605 proba·
1113 589 1114 594 χ

49 611 116 666 illem
134 622 160 666 et
176 613 206 666 ln
226 614 312 682 praxi
327 617 423 665 'tutam
439 612 588 664 existimat
600 611 788 680 Lrymannns
802 627 865 682 sup.
882 619 963 667 naor.
980 616 1008 669 ’4.

48 707 64 745 o.
77 693 97 745 i.
117 699 141 748 et
159 707 209 760 pro
228 691 283 746 illa
304 693 403 746 sotum
424 691 557 762 aliosque
580 689 717 744 Doctores
739 692 818 745 citat.

90 771 114 825 2.
152 772 309 826 Dicendum
323 767 350 824 2.
374 771 598 842 promissionem
620 770 695 824 serio
725 770 942 825 etdelilrerate
970 775 1012 826 ia·

45 859 112 916 olam
130 859 207 906 etex
229 851 329 906 animo
347 865 415 904 vero
433 848 632 923 promittendi,
655 863 742 920 seque
757 849 842 904 alteri
857 849 1011 922 obligandi

45 945 75 982 er
91 931 179 986 virtulo
195 931 286 985 'Fidei
307 944 357 986 seu
378 929 538 998 fidelitatis,
555 927 608 982 ubi
634 938 782 1000 acceptata
803 929 905 996 fuerit,
935 931 1012 985 oblis-

45 1025 110 1080 gare,
128 1010 207 1066 etiam
228 1010 283 1064 suli
304 1015 423 1082 peceato
445 1009 578 1073 mortali,
607 1009 633 1061 si
654 1020 698 1062 res
714 1010 863 1078 'promissa
890 1011 929 1064 sit
957 1011 1012 1065 oli-

44 1089 269 1159 oujusmomenti.
313 1090 356 1144 ita
377 1087 650 1154 Navarrns,'Soius
672 1097 700 1142 et
720 1089 818 1157 plures
841 1089 909 1156 olii,
939 1106 1011 1160 quus
1060 1147 1064 1154 ,
1097 1151 1099 1158 ,

45 1167 99 1222 citat
123 1170 300 1240 assequitur
328 1170 444 1224 Lessius
474 1183 537 1238 sup.
568 1165 637 1222 dnh.
656 1167 685 1223 8.
734 1167 819 1223 Ratio
851 1177 908 1236 est,
942 1171 1012 1239 qnia

43 1249 118 1302 omnis
137 1249 287 1318 promissio
303 1247 360 1304 ‘dai
375 1248 427 1320 jus
447 1248 484 1302 ad
513 1263 573 1301 rem
599 1249 788 1318 promissam,
818 1247 897 1317 qnod
925 1250 1012 1304 otiam

43 1326 71 1379 ad
87 1328 212 1382 haeredes
234 1327 415 1398 promissarii
432 1327 557 1396 transii,
582 1336 610 1380 et
631 1325 727 1380 sidat
746 1341 799 1396 per
820 1327 940 1382 sormam
961 1329 1013 1381 sti-

42 1407 197 1476 putarimus
211 1408 296 1463 datur
317 1409 403 1462 etiarn
425 1409 501 1461 notio
521 1409 552 1460 in
568 1407 629 1461 loro
645 1407 791 1472 exteriori,
813 1414 842 1462 et
854 1407 1012 1476 promissor

42 1487 93 1557 rogi
110 1493 202 1557 potest
221 1488 363 1542 sententia
379 1487 491 1558 judieis
517 1485 555 1540 ad
575 1486 795 1554 promissionem
816 1486 1013 1556 implendam!

40 1566 101 1620 unde
121 1568 265 1640 sequitur,
295 1567 376 1621 illam
396 1565 535 1621 inducere
557 1567 685 1620 striatam
708 1566 836 1636 aliquam
859 1566 1014 1637 obligatio-

41 1661 105 1712 nem,
132 1663 204 1718 qnae
226 1646 355 1716 proinde
383 1645 437 1700 snb
463 1653 583 1716 peceato
611 1645 730 1717 obliget.
781 1643 866 1712 Quod
893 1647 919 1699 si
947 1647 1013 1716 qnia

42 1732 120 1780 utatur
138 1727 236 1782 verbis
257 1726 375 1796 quidem
397 1725 606 1796 promissoriir,
629 1739 686 1779 non
708 1733 804 1780 tamen
825 1725 923 1780 animo
939 1727 1014 1790 serii)

39 1807 224 1874 promittendi,
254 1805 305 1859 sed
326 1804 507 1860 solummodo
530 1803 568 1858 ad
588 1805 810 1876 significandum
833 1807 925 1859 solum
947 1816 1015 1876 pro·

40 1885 157 1957 positum,
179 1887 227 1940 vel
242 1885 280 1939 ad
294 1886 404 1940 firmius
420 1881 652 1950 asseverandum,
674 1881 707 1938 ut
719 1886 747 1940 ei
762 1884 910 1939 oredatnrs
934 1895 1020 1952 tunes

40 1971 62 2017 nt
79 1974 149 2020 reete
170 1965 306 2020 observat
325 1965 403 2019 idem
424 1963 551 2038 Lessins,
573 1979 631 2019 non
654 1971 785 2017 censetur
803 1963 944 2036 obligatio
958 1964 1014 2018 snb

38 2052 138 2112 peccalo
160 2046 276 2100 mortali
298 2043 336 2098 sd
356 2044 538 2114 implendum
559 2043 601 2110 ni,
626 2041 704 2112 qnod
725 2043 768 2096 sic
788 2044 932 2112 promisit,
955 2043 1014 2096 nis'i

37 2123 98 2178 ioris
123 2141 159 2180 ex
184 2127 254 2186 'fiete
281 2125 336 2179 illa
363 2125 555 2194 promissione
583 2122 712 2179 notabile
734 2120 855 2191 aliquod
877 2115 1014 2175 damnum

39 2201 140 2258 alterins
168 2211 320 2277 sequatur,
351 2213 378 2258 ei
404 2203 460 2259 lroo
487 2218 574 2258 sensu
602 2201 690 2268 dieii,
712 2201 926 2272 'intelligendas
954 2216 1015 2256 esse

38 2287 226 2351 promissiones
247 2285 456 2353 plurimorum,
486 2283 537 2353 qni
563 2282 657 2337 solent
683 2281 775 2334 multa
795 2296 826 2334 se
845 2282 1025 2351 promittere
1065 2287 1068 2294 “

37 2363 163 2431 facturos,
191 2379 256 2419 eum
276 2359 373 2418 taimen
394 2361 628 2418 non‘iniendani
648 2361 742 2427 serio,
772 2375 802 2414 se
826 2360 865 2413 ad
886 2361 918 2413 id
939 2359 1015 2415 obli-

36 2457 101 2512 gare‚
120 2451 171 2498 aut
191 2443 259 2498 aliis
275 2443 325 2515 jus
348 2443 484 2515 exigendi
504 2439 641 2508 tribuere,
653 2439 715 2495 ''sed
735 2440 877 2494 duntaxat
896 2441 1015 2494 tirmiter
1067 2487 1069 2494 ,

35 2521 61 2574 id
79 2539 246 2580 asseverare.
859 2523 862 2530 '
992 2547 995 2552 ·

86 2601 110 2657 3.
153 2603 295 2668 Quaeres,
325 2603 427 2672 quanti
453 2602 562 2655 valoris
577 2607 635 2654 ¹aut
655 2602 794 2663 momenti
821 2613 882 2654 esse
911 2596 1018 2653 debeat

36 2696 73 2733 res
92 2681 249 2751 promisso,
278 2689 310 2736 nt
329 2679 534 2752 promissionis
553 2680 674 2734 molatio
697 2687 847 2734 censeatur
867 2691 928 2754 esse
949 2689 1015 2747 pee-
1052 2736 1056 2742 ,
1079 2713 1083 2718 =

35 2771 114 2816 earnm
134 2763 267 2816 mortale.
309 2759 454 2816 Navarru's
476 2775 538 2829 cap:
557 2759 602 2814 is.
625 2775 703 2812 num.
719 2759 746 2812 6.
769 2761 931 2824 existimat,
957 2757 1016 2811 sui-

35 2841 122 2907 fioere‚
143 2829 275 2896 valoiem
296 2841 338 2895 rei
359 2840 518 2910 promissae
541 2840 627 2893 talem
648 2853 726 2904 esse,
756 2839 806 2907 qui
827 2839 859 2892 in
880 2839 957 2892 iunio
979 2835 1017 2890 ad

34 2927 172 2988 peccatam
186 2919 308 2975 mortale
323 2921 480 2988 suifloeret3
500 2917 685 2988 probabilius
700 2925 796 2971 tamen
811 2918 905 2986 Lopes
915 2917 972 2970 iib.
985 2915 1013 2971 2.
1113 2971 1117 2981 f

34 2997 179 3055 dadonis.
203 3014 266 3069 osp.
289 3000 340 3054 nli.
364 3007 391 3054 et
412 2999 528 3054 Lessins
548 2997 679 3066 suprad.
702 2995 818 3063 docent,
840 2997 872 3050 in
893 2997 1017 3066 promis·

34 3081 101 3135 sione
129 3079 170 3134 ad
197 3080 344 3134 materiam
371 3079 485 3149 peooati
511 3075 643 3131 mortalis
672 3075 902 3131 constituendam
930 3075 1017 3145 longe

34 3160 162 3231 majorem
182 3160 322 3225 valorem,
345 3173 432 3229 qnam
453 3159 485 3211 in
505 3157 580 3211 iurio
602 3156 728 3225 requiri;
751 3157 803 3226 qui
824 3165 920 3208 tamen
933 3153 1017 3207 valor

34 3239 145 3294 diliioile
170 3237 356 3293 determinari
376 3243 486 3308 potest,
516 3230 568 3290 sed
592 3234 650 3289 viri
674 3234 825 3304 prudentis
842 3231 959 3305 jndicio
981 3245 1019 3286 ex

34 3333 113 3392 aequo
136 3327 167 3376 ei
186 3319 264 3373 bono
287 3317 446 3389 diJ'udiea'rl
467 3316 568 3372 debet:
599 3323 674 3369 certe
702 3314 847 3369 communi
868 3312 1019 3367 hominnm

34 3399 228 3456 aestimatione
249 3397 341 3470 major
361 3395 471 3468 injuria
492 3395 554 3450 deri
575 3401 722 3461 censetur,
740 3394 776 3447 ‘si
805 3394 869 3463 quis
900 3403 1019 3446 aureum

34 3480 144 3535 unicum
167 3477 319 3553 surripiat,
340 3492 432 3547 *quam
455 3476 480 3530 si
501 3481 623 3545 quatuor
643 3475 691 3527 vel
712 3473 840 3544 quinque
860 3485 961 3526 aureos
982 3479 1020 3526 sit

34 3558 145 3616 liberali
168 3557 360 3630 promissione
380 3555 495 3612 debitos
515 3570 575 3611 uon
595 3555 698 3609 solvat
719 3559 724 3568 ”
