2316 3866
137 127 201 196 316
534 136 571 184 err
591 139 720 186 crassus.

139 267 264 329 alteas,
287 265 326 318 ihi
340 263 510 334 potissimam
530 258 661 314 reamari
680 249 886 326 comissatio,
908 258 956 313 sthi
977 277 1036 314 noa
1054 263 1140 330 possit

138 347 230 414 fides·
246 345 345 399 restire
370 343 519 414 defectam
551 341 617 394 laec
643 341 742 412 poppe
769 349 810 394 est
837 340 914 409 lajas
936 342 1141 411 praerogatiua

139 425 231 482 aedis:
263 425 306 478 cni
335 423 408 478 enim*
435 421 515 474 alteri
544 419 691 490 odqaoodo
720 419 819 496 dicimo
849 427 906 473 est:
937 419 1007 488 Epo
1036 437 1090 491 pro
1117 428 1140 472 te

139 505 242 576 rapaci,
265 511 294 556 at
315 518 368 556 ooo
382 500 488 570 deficiat
508 499 589 554 Fides
610 501 679 551 toa!
710 495 804 565 Quare
817 499 921 553 merito
935 499 1140 570 unusquisque

139 583 270 640 hoellum
293 583 320 637 S.
343 580 421 654 Petri
442 577 575 648 Chrysei.
597 579 737 632 monitum
758 577 788 630 in
810 578 894 648 epist.
917 576 956 631 ad
976 577 1138 650 Eutychen

140 663 317 730 auscultare,
344 657 479 727 illudque
506 657 602 711 animo
630 652 789 711 inscribere
817 655 953 712 deberet:
992 657 1139 710 Hortamur

141 753 166 798 te
187 739 327 814 (inquit),
346 738 451 808 statem
481 745 510 790 at
531 735 572 790 his
593 751 662 808 qaae
682 753 700 790 a
720 735 872 793 deotissime
893 735 978 806 Papa
1002 737 1136 790 Romanae

140 823 258 878 doleatis
276 813 379 887 scripna
398 823 467 881 sant,
490 815 644 870 obedienter
664 817 796 880 attendat,
819 817 945 889 qwoa'am
967 815 1071 870 beatu
1091 815 1138 868 Pe-

142 911 213 964 tras,
242 899 289 970 qai
313 897 474 968 inproprie
500 897 564 950 sade
592 895 668 960 aicit,
692 903 819 966 praestat
847 896 1049 968 qooomttoos
1069 893 1136 950 lirici

142 981 289 1034 ceritatem.

556 1121 559 1128 ¹
611 1171 617 1185 .
640 1128 679 1186 11.

537 1235 581 1290 De
593 1128 739 1291 §Caecilia

204 1360 230 1420 1.
266 1359 408 1426 Consilia,
430 1373 503 1429 qnae
516 1360 548 1412 in
561 1357 694 1413 Ecclesia
713 1356 855 1412 celebrari
868 1357 973 1426 solent,
998 1361 1066 1416 alia
1081 1371 1138 1417 sunt
1155 1352 1156 1404 i

141 1443 326 1499 oecumenica
340 1455 388 1494 sen
404 1437 557 1510 generalia,
580 1451 654 1508 quae
673 1437 777 1492 summi
790 1435 941 1492 PontificIs
961 1441 1139 1497 authoritate

142 1522 309 1578 convocatis
338 1535 374 1575 ex
405 1517 474 1573 orbe
505 1518 640 1572 aniverso
668 1515 823 1587 llpisoopis
851 1526 1136 1589 congregatarum

142 1601 201 1659 slis
221 1613 279 1653 non
295 1597 479 1652 oecumenica
494 1611 543 1651 seu
556 1595 755 1666 particularia,
778 1609 851 1667 qnae
865 1596 1042 1654 interiorum
1061 1599 1139 1656 Prae-
1156 1634 1157 1670 t

141 1679 266 1732 latorum
288 1675 460 1730 authoritate
482 1689 518 1728 ex
538 1676 639 1744 aliqua
659 1673 811 1744 provincia
830 1675 1006 1745 particulari
1028 1681 1081 1734 vel
1094 1697 1137 1734 aa·

141 1757 220 1811 tione
241 1761 444 1812 convocantur.
486 1753 528 1807 De
549 1755 681 1824 atrisque
701 1753 829 1809 breviter
847 1754 897 1809 hie
916 1755 1071 1826 agendum
1093 1769 1138 1827 est,

142 1843 227 1906 atque
247 1834 278 1888 in
298 1833 401 1904 primis
413 1831 501 1904 ‘quod
522 1839 632 1903 spectat
652 1829 690 1887 ati
711 1834 843 1889 Concilio
863 1833 1022 1902 generalia.

202 1911 363 1970 Dicendum
393 1912 417 1966 1.
462 1913 594 1970 Corellia
624 1913 771 1985 generalia
798 1913 1000 1982 plenissimam
1032 1915 1139 1972 habere

141 2000 311 2066 potestatem
339 1991 485 2046 condendi
512 1993 590 2064 leges
616 2007 670 2062 pro
698 1992 786 2046 totins
809 1991 957 2046 Ecclesiae
986 1995 1137 2065 regimine,

142 2074 179 2128 ad
212 2087 367 2144 earumque
398 2070 605 2143 obligationem
636 2085 734 2126 omnes
762 2078 790 2125 et
817 2085 1010 2142 quoscunque.
1037 2075 1137 2130 tideles

69 2155 71 2160 '
144 2151 304 2223 obligandi.
348 2151 550 2206 Haeeaer'itas
572 2151 754 2206 inconfesse
776 2151 916 2220 estapnd
940 2165 1051 2219 omnes,
1076 2171 1138 2210 cum

142 2232 289 2303 generalia
311 2230 443 2286 Ooacssis
470 2231 598 2302 legitime
623 2237 794 2302 congregata
820 2230 1016 2285 universalem
1037 2230 1140 2288 Eccle-

142 2311 215 2364 siam
236 2315 461 2378 repraesentent,
491 2307 679 2380 christusque
702 2309 841 2365 Dominus
869 2308 1017 2379 expressis
1040 2313 1139 2366 verbis

143 2388 250 2446 dixerit
266 2389 298 2443 d.
320 2387 422 2442 Mattn.
447 2386 491 2442 18.
514 2394 558 2453 nt,
584 2388 610 2440 si
628 2390 689 2458 qaia
708 2388 860 2442 Ecclesiam
879 2405 932 2442 noo
952 2391 1083 2454 audierit,
1104 2393 1139 2446 sit

143 2462 270 2540 tanquam
291 2469 411 2522 ethnicas
431 2475 457 2520 et
471 2467 644 2536 publicanas.
676 2466 735 2521 Sed
751 2467 905 2522 diiiictrltas
920 2474 970 2532 eal,
995 2483 1139 2540 quaenam

143 2550 201 2604 sint
220 2545 275 2604 illa
296 2546 429 2602 Concilio
450 2546 608 2616 generalia,
637 2561 710 2618 quac
730 2562 783 2616 pro
804 2547 942 2620 legitimis
963 2547 1069 2602 haberi
1090 2550 1138 2603 de·

139 2628 238 2684 heaut.
282 2627 337 2680 Pro
358 2625 442 2697 eujus
461 2626 636 2680 resolutione
703 2635 706 2642 ·
774 2619 777 2624 '

200 2705 229 2760 2.
272 2704 433 2760 Dicendum
455 2703 482 2760 2.
518 2704 651 2758 Concilio
671 2703 820 2774 generalia
839 2703 970 2776 legitima
991 2706 1044 2759 illa
1065 2722 1134 2774 esse,

145 2797 219 2852 quae
232 2781 355 2839 Romani
370 2783 519 2840 Pontificis
540 2783 714 2841 authoritate
735 2790 952 2856 congregantur,
976 2785 1051 2839 etin
1072 2786 1139 2855 qni-

142 2861 198 2914 hns
226 2863 275 2915 vel
301 2878 353 2932 per
377 2879 423 2934 sa,
452 2863 497 2918 vel
527 2878 579 2932 per
605 2863 714 2933 legatos
742 2861 895 2933 praesidet.
937 2861 1024 2918 Prior
1049 2861 1137 2936 hujus

136 2940 309 2994 -assertionis
330 2955 397 3009 pars
423 2942 564 3012 probatur
587 2955 624 2996 ex
645 2943 845 3013 antiquissimo
873 2955 998 3009 canone,
1027 2943 1060 2996 in
1083 2957 1137 3013 qno

136 3020 293 3086 'elatustum
314 3028 428 3088 praeter
448 3023 605 3076 sententiam
625 3021 743 3076 Romani
762 3021 900 3090 Pontificio
923 3021 1049 3076 Concilio
1071 3023 1139 3076 eels-

141 3097 293 3156 irrori'ooo
309 3113 409 3167 posse:
441 3113 525 3170 quem
555 3105 693 3155 canonem
720 3100 910 3169 apostolicum
935 3115 1000 3155 esse
1020 3107 1142 3157 testatur

144 3181 171 3235 S.
194 3177 349 3234 Marcellus
370 3177 454 3247 Papa
469 3179 500 3232 iu
523 3179 610 3248 epist.¹
629 3179 666 3232 ad
680 3180 839 3250 Episcopos
853 3180 1057 3235 Antiochense
1077 3196 1145 3249 pre·

143 3260 269 3323 vinciae,
290 3257 433 3328 illumque
454 3259 605 3312 renovarit
626 3257 789 3314 Concilium
806 3258 965 3314 Nicaennm
989 3258 1015 3314 1.
1040 3265 1073 3314 ct
1095 3259 1143 3312 ha-

143 3335 229 3390 betur
257 3337 288 3389 in
316 3337 399 3406 epist.
429 3334 542 3406 synodi
569 3337 788 3393 Alexandrinae
813 3337 852 3392 ¹ad
879 3337 1024 3404 Felicem,
1053 3344 1085 3391 et
1114 3338 1140 3390 in

143 3413 226 3479 epist.
249 3413 609 3486 Julii1.sdEpisccpcs
638 3417 805 3474 orientales.¹
843 3417 986 3472 Probatur
1011 3418 1086 3471 item
1108 3430 1143 3468 ex

142 3488 276 3544 Concilio
305 3492 536 3548 chalcedonensi
567 3501 620 3548 act.
651 3493 677 3550 1.
702 3495 762 3552 «ubi
783 3497 937 3552 Dioscorus
967 3495 1145 3550 Patriarcha
