2316 3866
123 130 187 216 324
520 143 728 193 nnfrreosnte

184 265 212 320 2.
255 264 404 320 Secundus
432 263 547 320 edoctus
571 265 688 334 -peooati
715 273 759 318 est
785 265 900 320 mesula
927 264 1124 334 quaedamst

126 337 308 409 deformitas,
337 359 422 414 quam
444 344 541 399 anima
561 360 613 414 per
633 350 784 412 peceatum
813 344 973 411 contrahit,
1004 354 1033 398 ιι
1054 359 1125 414 qnae

126 431 270 482 transacto
297 423 390 492 ipsius
419 424 529 496 peceati
554 431 623 478 notu
644 423 673 478 in
697 438 731 476 ea
750 429 886 478 romanet.
926 423 978 476 Ita
996 424 1027 477 S.
1051 423 1125 478 'l'ho-

126 517 186 558 mes
209 514 236 570 q.
256 501 306 558 86.
327 511 379 556 art
404 501 417 556 l
441 511 470 556 et
490 501 516 556 2.
541 509 568 556 et
595 507 706 557 constat
733 517 768 556 ex
789 501 940 571 Scriptura
962 502 1055 557 Josne
1076 502 1120 558 22.

125 581 263 636 Peeooeta's
285 583 313 634 ia
332 580 512 652 Beelpleqar,
539 590 565 638 et
585 597 668 651 arque
689 582 717 634 ia
732 586 906 650 promentem
926 581 999 640 atem
1019 584 1121 638 aesculo

128 661 205 730 tque
232 661 341 715 sceleris
358 661 409 730 ,ia
424 659 498 712 nobb
520 669 682 729 pemuastt
711 660 770 719 ter.
797 659 825 716 2.
868 660 1014 714 Macetae
1041 678 1068 714 et
1093 664 1118 714 in

127 741 269 810 iniquitate
290 748 337 792 tua
357 755 447 794 coram
467 755 521 802 me,
543 739 609 792 dicit
628 739 780 804 Domana,-
811 739 880 794 item
902 753 939 792 ox
960 739 1030 794 ali‘m
1049 740 1117 794 Seri·

126 827 228 888 pturae
250 818 374 882 ιοιιι,
365 833 397 874 ιι
418 816 525 887 qnibns
545 824 710 888 peccatores
731 819 867 890 dieantur
887 818 1053 887 inquinati,
1073 819 1120 872 im·

126 896 231 959 mundi
251 904 303 950 ete.

189 975 266 1030 Haeo
294 980 388 1028 autem
419 976 530 1044 peceati
559 975 674 1032 macula
705 975 863 1038 seeundum
893 946 1120 1045 probabiliorem

89 1055 92 1060 “
128 1045 341 1125 Theologornm
357 1055 527 1112 sententiam
543 1054 633 1110 nihil
640 1061 683 1110 est
704 1054 794 1121 alind,
817 1069 903 1124 qnam
922 1055 1049 1123 ipsamet
1061 1071 1155 1134 pee-

64 1137 65 1142 ’
128 1133 185 1188 eati
206 1133 330 1200 malitia,
351 1139 491 1202 qnatenus
506 1133 592 1188 otiam
612 1139 756 1189 transnato
777 1141 843 1194 autu
857 1133 971 1203 peceati
993 1135 1155 1188 censetur

126 1211 231 1269 durare
253 1227 286 1266 ae
307 1227 505 1281 perseverare,
535 1213 674 1280 quamdiu
695 1229 746 1284 por
766 1211 976 1282 poenitentiam
997 1228 1058 1268 non
1079 1205 1155 1268 de·

90 1339 93 1344 .
126 1293 222 1357 letur3
255 1306 327 1362 qnae
349 1289 467 1360 quidem
488 1291 740 1351 maculaverant
764 1291 1024 1360 ettampeoeatum
1045 1291 1125 1346 habi·

127 1370 215 1435 tuate,
236 1385 271 1425 ιο
286 1369 371 1440 quod
390 1370 483 1424 veluti
503 1369 691 1426 habitualiter
710 1378 777 1440 post
788 1377 940 1439 peecatum
961 1380 1030 1424 aeto
1051 1385 1122 1426 eom·

128 1449 247 1504 naissum
268 1457 413 1514 ramaneat
433 1450 464 1503 in
486 1449 590 1502 anima.
701 1485 706 1490 -

185 1528 238 1582 Est
259 1534 352 1584 tamen
374 1529 422 1582 hio
443 1527 669 1604 observandum,
696 1533 845 1598 peceatum
866 1527 950 1590 illum
973 1501 1120 1584 babituale

127 1606 366 1676 distinguendum
389 1621 448 1661 esse
470 1621 489 1659 a
509 1607 613 1684 vitioso
635 1607 767 1678 habitu,
781 1623 830 1662 sen
852 1623 870 1662 a
890 1623 982 1676 prava
1005 1607 1090 1660 illa'
1082 1623 1120 1660 ιι-

125 1685 285 1739 clinatione
306 1694 334 1738 et
355 1679 562 1754 propensione,
588 1702 661 1757 quse
681 1703 734 1758 per
754 1687 889 1756 repetitos
911 1687 1025 1756 peccati
1048 1693 1120 1740 aetus

125 1763 313 1834 ingeneratur
332 1764 364 1816 in
386 1763 497 1832 anima,
525 1765 557 1818 in
578 1781 668 1836 eaque
692 1773 834 1830 remanet,
862 1765 948 1819 etiam
970 1772 1119 1836 postquam

125 1842 193 1912 ipsa
213 1843 326 1912 peceati
347 1844 461 1899 macula
481 1859 533 1916 per
552 1845 660 1915 gratiae
680 1845 857 1918 inlusionem
878 1843 976 1897 deleta
996 1851 1050 1910 est,
1071 1858 1118 1898 neo

126 1922 183 1977 nisi
198 1937 249 1990 per
270 1924 427 1978 contrarios
449 1930 478 1978 et
498 1940 582 1994 saepe
605 1926 740 1996 repetitos
754 1923 869 1978 virtutis
891 1928 971 1976 aetus
987 1923 1107 1978 tollitur.
1156 1926 1157 1978 t

186 1999 215 2054 3.
260 2001 374 2057 Tertius
397 2001 522 2074 denique
543 2005 656 2072 poenali
681 1997 795 2061 effeetus
809 2010 860 2057 «est
879 2008 974 2056 reatus
995 2016 1119 2070 poenae3
1156 1997 1157 2002 ’

126 2085 235 2146 eertum
257 2087 299 2136 ost
318 2082 412 2152 enim,
432 2098 556 2152 poenam
577 2082 707 2152 aliquam
727 2081 854 2152 peccatis
875 2079 1029 2136 hominum
1050 2079 1119 2134 divi-

126 2160 204 2214 nitus
233 2171 303 2217 esse·
326 2159 470 2236 decretam
498 2163 525 2216 S.
555 2161 657 2216 Matth.
684 2164 711 2216 5.
744 2161 809 2228 ,Qut
835 2161 934 2214 dixerit
954 2157 1050 2229 fiatri
1076 2175 1118 2212 aaa

119 2239 214 2307 fatue,
243 2256 305 2292 reas
326 2241 378 2310 erit
395 2241 534 2310 yeleaaoe
556 2241 646 2310 ipat&
677 2237 808 2296 Romae.
853 2239 1003 2292 Tribulatio
1026 2248 1053 2292 et
1073 2257 1119 2292 on-

124 2319 218 2389 pustt'a
247 2318 276 2369 ιἰι
307 2334 408 2373 omnem
439 2321 556 2376 animam
586 2319 699 2390 hominia
729 2320 866 2388 operantis
896 2316 1005 2374 malum.
1049 2318 1120 2372 Haec

126 2402 222 2450 autem
243 2410 351 2466 poena,
367 2413 438 2452 enm
454 2397 534 2469 juste
554 2413 573 2452 a
594 2397 654 2452 Deo
676 2398 860 2464 decernatur,
882 2396 1039 2466 supponit,
1061 2411 1119 2465 peo-

123 2481 249 2532 oatorem
270 2475 324 2530 illa
346 2475 466 2549 dignum
493 2491 607 2544 esse‚1
589 2476 747 2546 illiusque
764 2483 874 2530 neotum
899 2491 951 2547 per
972 2485 1119 2545 peecatum

125 2553 283 2616 incurrere.

183 2629 273 2690 Porro
288 2633 365 2687 eirea
379 2633 457 2687 huno
471 2634 586 2689 tertium
598 2631 714 2703 peceati
724 2635 853 2693 effectum
864 2631 1082 2690 observandum
1097 2629 1117 2684 Ι.

126 2725 184 2764 non
205 2727 318 2769 omnem
339 2727 462 2781 poenam
489 2726 551 2768 esse
570 2719 688 2782 propter
715 2710 836 2782 aliquod
863 2719 965 2781 peceat
966 2727 1030 2778 nm,
1060 2727 1117 2766 cum

122 2796 249 2854 ponstet,
279 2786 420 2860 quasdam
447 2790 594 2846 interdum
614 2789 700 2862 hujus
725 2789 801 2844 vitae
822 2789 1016 2859 poenalitates
1033 2788 1115 2860 justis

123 2875 152 2920 et
172 2868 279 2920 sanetis
301 2869 393 2924 allen
411 2870 518 2942 infligi.
529 2885 587 2925 non
608 2870 640 2922 in
657 2869 842 2939 punitionem
856 2876 1051 2938 peecatorum,
1073 2864 1118 2920 sed

123 2942 162 2997 ad
183 2943 385 3014 probationem
406 2954 435 3002 et
455 2950 708 3008 exercitamentnm
735 2948 864 3013 virtutis,
893 2947 972 3017 quod
995 2947 1032 3001 de
1055 2948 1117 3001 San·

125 3023 254 3082 atissima
268 3023 389 3096 Virgine
410 3025 538 3098 Deipara
559 3026 658 3081 nullus
685 3042 789 3098 negare
812 3034 919 3095 potest,
949 3034 977 3080 et
999 3025 1036 3079 de
1057 3026 1116 3096 plu·

126 3103 207 3158 rimis
230 3103 296 3162 aliis
318 3103 431 3160 Sanctis
452 3107 544 3178 pietas
566 3107 653 3174 taeile
674 3102 817 3166 suadebit.

115 3251 118 3256 Ι
182 3165 452 3240 Οιιιιιιιιιιιιιιι2.
476 3183 563 3256 quod,
586 3199 718 3253 quamv1s
732 3190 881 3254 peecatum
902 3199 954 3253 per
976 3200 1006 3238 se
1023 3194 1052 3242 et
1066 3183 1118 3236 for

124 3260 239 3314 maliter
260 3259 472 3316 consideratum
494 3277 551 3316 non
566 3263 659 3330 possit
680 3277 742 3318 esse
755 3278 850 3332 poene
863 3263 976 3332 peccati
992 3261 1116 3324 alterius,

124 3345 156 3387 ιιι
178 3337 311 3392 doeetS.
333 3337 459 3392 Thomas
481 3356 529 3409 qu
551 3339 598 3395 st.
621 3348 716 3409 potest
737 3349 831 3396 ιιιιιιιι
845 3356 905 3395 esse
919 3355 971 3409 per
986 3339 1117 3396 accidens

126 3425 159 3462 eo
180 3415 276 3479 modo,
300 3431 383 3485 quem
404 3415 515 3470 ibidem
537 3419 675 3486 explicat,
698 3421 807 3474 ratione
827 3421 940 3494 seilicet
953 3419 1119 3474 substracti·

124 3487 188 3537 onis
211 3493 367 3556 gratiarum
389 3495 551 3564 aliquarum
573 3498 739 3582 actualium,
766 3514 887 3574 quarum
908 3499 1020 3553 auxilio
1043 3498 1117 3552 Deus
