2360 3862
405 153 447 200 nr
466 151 676 201 enarrantis.
976 133 1038 206 tio

84 268 119 326 2.
160 269 249 338 Quod
269 286 339 334 vcro
353 277 462 341 spectat
480 269 519 324 ad
532 284 677 330 summum
690 269 1041 342 Ponarcemttavuras

25 365 90 419 cap.
115 348 170 406 27.
194 365 275 405 num.
298 348 367 406 aot.
408 351 512 408 Suares
541 349 616 420 disp.
645 349 694 406 ct.
720 349 758 408 dc
779 349 890 408 Peenit.
918 351 1038 410 seraa

27 429 125 485 Tolet.
151 428 209 484 lib.
232 427 261 484 3.
284 444 348 500 cap.
373 428 418 486 li.
440 437 468 487 ιι
489 430 678 488 communiter
703 430 758 489 alii
779 429 897 499 docent,
923 433 1041 494 nudum
1094 442 1097 448 '

25 508 62 562 ab
83 509 146 564 illo
169 516 326 579 peccatum
347 509 489 566 reservari
503 509 697 576 consuevisse,
717 509 905 566 nisirationa
927 527 1040 570 encom-

24 589 247 644 municationis
267 604 319 644 seu
334 603 477 647 ¹carituras
491 588 655 660 adjunctae,
676 590 719 646 ita
738 595 778 654 ιιι,
800 589 828 647 si
843 589 923 660 Papa
941 591 1041 663 ejusve

24 667 286 725 Poeniteutiarius
300 682 317 721 a
330 683 452 732 censura
469 669 526 722 illa
537 667 680 736 absolvat,
703 667 829 738 quilibet
843 669 1041 728 Couleasarins

21 755 130 816 postea
143 747 246 818 possit
267 763 285 802 a
304 755 422 818 peccato
441 748 499 808 tito
517 749 552 804 in
570 749 767 806 conscientiae
788 749 850 807 turo
869 747 1038 807 absolverer

19 827 98 895 imo,
112 835 149 882 ιιι
160 826 306 884 observat
319 827 481 900 Haurlqnes
491 834 525 882 et
536 827 590 884 alii
603 827 682 896 apud
700 826 824 885 eundem
837 827 1040 899 Ltymauuum

21 922 138 976 supra,
165 907 192 960 si
221 905 289 978 quis
316 908 477 963 committat
504 915 657 976 paccatum
684 907 804 980 aliquod
825 907 922 980 Papae
950 923 1040 966 raser-

21 993 143 1052 vatum,
163 985 220 1040 sed
241 1001 279 1042 ea
299 987 465 1058 ignorantia
484 986 655 1043 invincibili
673 987 793 1054 nesciat,
815 1001 965 1044 censuram
986 988 1041 1049 tali

22 1073 154 1135 peccato
175 1080 242 1122 ease
264 1079 426 1120 annexam:
458 1068 537 1122 ¹sicut
556 1067 722 1136 ignorantia
747 1067 802 1122 illa
818 1066 895 1138 juris
916 1083 982 1126 cnm
1003 1067 1041 1124 ab

22 1145 339 1201 excommunicatione
368 1143 545 1203 marmanda
572 1153 706 1216 excusat,
732 1156 764 1202 ιιι
791 1146 869 1200 infra
895 1162 948 1204 sno
973 1148 1041 1204 loco

20 1225 161 1292 dicetur3
186 1223 236 1278 sic
249 1223 335 1281 etiam
349 1225 428 1292 tacit,
443 1233 477 1280 nt
490 1224 552 1296 ejna
565 1232 717 1295 peecatum
731 1226 850 1283 minime
864 1234 1042 1284 reservatum

22 1313 196 1360 censeatur.
311 1323 315 1329 ’

83 1383 179 1452 Quod
202 1384 233 1437 si
253 1397 508 1454 rursus-quaeras,
536 1384 655 1454 quinam
677 1385 736 1438 sint
756 1399 838 1440 casus
858 1383 908 1440 illi
928 1383 967 1438 ob
987 1399 1039 1441 am

22 1479 132 1518 nexam
164 1477 324 1520 censuram
352 1479 462 1526 summo
484 1463 621 1522 Pontifici
648 1465 806 1519 reservati:
839 1462 1040 1534 respondetur,

21 1543 173 1612 plurimos
199 1549 230 1596 et
251 1542 348 1597 varios
370 1557 444 1608 essa,
474 1543 526 1613 qni
546 1543 578 1596 in
600 1549 658 1598 toto
675 1542 743 1614 jure
768 1545 909 1600 canonico
929 1544 1040 1614 passim

21 1621 82 1695 legi
102 1628 256 1692 possunt,
279 1629 307 1676 et
328 1637 347 1676 a
367 1621 470 1678 Toleto
491 1623 554 1679 tuse
575 1621 759 1693 explicantur
778 1622 832 1681 lib.
856 1621 881 1678 l.
903 1639 967 1695 cap.
992 1619 1038 1680 ld

20 1710 47 1757 et
67 1699 285 1774 sequentibus.
320 1701 355 1756 Iu
369 1701 481 1757 Rituali
495 1702 654 1756 Parisiensi
674 1701 849 1760 adnotantur
869 1705 1040 1774 praesertim

21 1790 198 1852 sequentes,
216 1781 278 1850 qui,
300 1787 332 1836 ut
346 1780 457 1839 ibidem
472 1779 591 1849 dicitur,
613 1781 792 1852 frequentius
808 1781 839 1836 in
854 1783 900 1838 his
915 1783 1039 1854 regioni·

19 1859 73 1916 bus
95 1867 237 1932 possunt
257 1858 397 1916 accidere.

81 1940 110 1996 1.
161 1939 291 1994 Exustio
313 1939 499 2010 templorum,
528 1955 660 1996 necnon
683 1947 711 1994 ιι
732 1939 882 1996 domorum
903 1943 1048 2011 profana,

19 2037 83 2075 rum
106 2025 287 2089 procurata,
309 2016 378 2074 dum
399 2018 598 2076 incendiarius
620 2026 662 2074 ιιι
682 2020 801 2088 publice
823 2019 1035 2075 denunciatus:

20 2099 102 2169 quod
127 2100 225 2152 etiarn
247 2096 282 2152 de
304 2098 468 2153 efficatione
494 2106 522 2154 et
543 2099 717 2168 spoliatione
746 2096 863 2154 aedium
891 2114 1038 2154 sacrarunt

20 2180 169 2234 similiter
192 2176 324 2248 intelligi
346 2177 453 2235 debet.
478 2215 493 2236 „

80 2257 111 2313 2.
160 2257 297 2312 simonia
324 2257 411 2311 realis
440 2257 471 2310 iu
501 2256 654 2312 ordinibus
675 2265 704 2313 et
728 2257 891 2324 beneflciis,
919 2265 947 2312 et
969 2273 1037 2314 con·

19 2336 161 2404 fidentia,
187 2335 347 2396 dummodo
369 2337 407 2390 sit
425 2336 561 2406 publica,

77 2418 109 2472 3.
159 2415 282 2470 Occisio
310 2431 361 2470 seu
386 2417 532 2471 mutilatio
560 2416 767 2485 membrorum,
796 2424 826 2472 et
847 2422 1035 2486 quaeeunque

19 2498 155 2553 atrocior
175 2495 328 2564 percussio
350 2494 492 2566 Religioni
512 2496 561 2550 vel
583 2495 691 2550 Clerici
711 2497 741 2550 iu
764 2498 854 2552 sacris
874 2495 1033 2550 constituti.

81 2576 113 2630 4.
162 2575 318 2629 Percussis
338 2574 477 2644 Episcopi
500 2591 551 2630 seu
571 2576 693 2630 alterins
709 2575 852 2632 Praelati.

81 2659 113 2711 5.
162 2653 281 2708 Delatio
303 2668 446 2708 armornm
468 2653 505 2708 ad
525 2661 623 2724 partes
642 2654 817 2713 infidelium.

83 2734 116 2789 6.
154 2733 331 2788 Falsibcatio
344 2733 495 2788 bullarum
504 2748 561 2788 *seu
573 2734 744 2790 Litterarum
759 2736 865 2794 summi
877 2733 1035 2790 Pontificis.

86 2814 120 2866 i.
162 2812 293 2878 Invasio,
315 2811 517 2882 depraedatio,
543 2817 705 2882 occupatio,
727 2822 777 2868 aut
798 2813 958 2870 devastatio
979 2822 1036 2870 ter·

19 2907 133 2948 rarum
152 2890 300 2946 Romanae
321 2891 492 2951 Ecclesiac.-=

84 2970 118 3025 8.
163 2969 293 3026 Violatio
313 2971 463 3026 interdicti
484 2971 522 3026 ab
543 2972 644 3026 eadem
664 2979 765 3027 sancta
786 2972 854 3031 sede
874 2975 1031 3046 impositi:

84 3049 208 3117 Quibus
230 3049 350 3104 additur
377 3052 487 3106 crimen
509 3051 657 3119 <baeresim
673 3065 704 3107 *a
723 3067 782 3122 quo
802 3060 898 3111 tamen
919 3056 951 3109 iu
964 3055 1036 3122 ple

23 3133 128 3201 risque
145 3128 311 3184 Galliarum
333 3137 361 3184 ιι
383 3130 506 3187 aliarum
526 3133 744 3200 prouinciarum
764 3133 838 3188 locis
856 3134 952 3188 solent
964 3132 1035 3200 Epi-

25 3213 121 3280 scopi,
152 3210 220 3263 aivc
240 3224 279 3262 ex
299 3210 508 3265 consuetudine
536 3210 775 3278 immemorabili,
804 3213 866 3266 sire
888 3227 924 3265 ex
944 3209 1034 3264 tacita

29 3291 75 3343 vel
96 3303 241 3358 expressa
261 3287 383 3344 licentia
403 3289 507 3342 summi
529 3290 683 3345 Pontificis.
700 3290 861 3346 absolvere.
980 3329 983 3334 .
1024 3333 1027 3340 .

88 3369 118 3424 3.
166 3367 312 3424 Obserrat
337 3375 436 3427 autern
453 3369 639 3438 Laymannus
668 3377 749 3425 tract
775 3373 802 3424 i.
825 3385 853 3438 p.
876 3367 903 3423 2.
928 3367 964 3422 dc
986 3382 1035 3422 ex-

31 3460 133 3502 comm.
156 3463 225 3518 cap.
249 3447 275 3504 6.
299 3449 524 3514 reservationem
550 3449 671 3504 illama
697 3449 815 3504 summis
840 3445 1034 3512 Pontificibus
1085 3461 1103 3503 a

23 3525 136 3582 iactam
167 3519 230 3582 nou
261 3525 337 3582 adeo
364 3527 494 3584 strictam
512 3541 599 3597 resse,-
633 3528 705 3598 quin
735 3526 773 3582 cb
793 3526 902 3596 *plures
935 3539 1036 3582 causas

409 3635 429 3684 ut
