2316 3866
345 142 384 184 na
406 117 555 190 montosa
574 141 767 192 emoreris
997 124 1062 204 369

37 264 176 320 ioannes
209 258 330 316 Medius
361 269 469 330 quaest.
501 263 528 316 5.
556 260 593 316 de
619 263 763 330 oratioue,
794 271 822 318 et
848 262 1053 334 aliiquidarc

39 338 195 412 Theologi
219 341 396 408 existiment,
419 341 530 396 animas
552 341 582 394 in
604 343 772 416 purgatorio
795 345 950 398 existentes
973 360 1055 399 orare

33 439 88 478 non
122 420 223 478 modo
251 416 409 490 'generatim
437 434 491 489 pro
519 420 673 490 fideiibus,
707 421 757 476 sed
786 424 872 478 etiam
900 424 1053 492 speciatim

31 519 83 573 pro
107 501 168 570 iis,
205 500 258 569 qni
285 499 471 570 peculiariter
499 497 572 568 ipsis
601 501 631 566 in
659 499 714 556 hac
742 502 802 555 vitu
831 503 891 555 cari
915 502 1052 558 ,fueruntz

32 583 65 636 D.
85 582 230 636 Thomas
254 586 346 637 tamen
369 579 417 636 cit.
437 587 546 649 quaest.
567 579 615 634 83.
637 596 663 634 a
687 579 732 634 tt.
756 579 789 634 id
810 588 903 651 negat,
925 585 1052 652 puccium

30 662 188 732 (iuquit),
222 659 282 712 licet
301 660 356 712 etot
376 657 453 712 aubis
473 660 640 728 superiores,
663 669 791 729 quantam
812 661 849 714 ad
869 655 1053 729 irnpeccuii'li-

31 752 132 804 tatem,
156 747 226 794 aunt
239 747 327 806 tumea
348 739 500 808 inferiores,
524 747 651 808 pacatum
669 740 706 794 od
720 756 834 810 poenae,
858 757 926 810 quus
933 742 1051 809 patiac-

31 831 105 886 tucp
141 829 167 872 et
190 819 337 872 semaam
358 817 407 874 hoc
426 835 480 872 aon
498 827 561 870 auat
582 819 610 870 ia
630 827 703 872 statu
723 819 821 874 orandi
835 836 890 892 pro
911 821 981 883 aliis,
1003 821 1052 872 sed

32 910 67 954 ut
91 901 184 968 mucis
216 907 307 950 caetu
321 914 378 968 pro
398 898 446 951 cis.
489 896 573 964 Quod
593 897 618 950 si
639 897 798 954 secundum
826 905 949 956 mentem
970 898 1052 954 iliius

36 981 68 1033 S.
98 977 238 1033 Doctoris
260 991 316 1032 uon
338 977 457 1032 suntin
480 984 554 1032 statu
577 976 681 1030 orandi
701 989 754 1046 pro
776 977 878 1045 nobis,
905 993 971 1049 ergo
993 994 1049 1032 non

32 1066 107 1114 sunt
132 1057 164 1112 in
196 1063 291 1122 statu,
321 1057 351 1110 in
382 1071 440 1126 quo
469 1055 593 1115 debeant
622 1055 698 1113 erari
719 1072 738 1110 a
757 1055 851 1110 uobis.
894 1058 954 1113 lrno
985 1059 1053 1112 licet

32 1140 162 1194 animae
185 1134 258 1189 illae
278 1151 332 1206 pro
353 1133 438 1192 uobis
467 1142 595 1202 orarent,
619 1136 726 1191 trustra
747 1142 841 1200 tamen
863 1151 880 1188 a
901 1135 986 1192 uobis
1007 1137 1051 1189 in·

30 1221 237 1280 vocarentur,
260 1230 325 1268 eum
347 1229 405 1268 non
427 1214 537 1270 sintin
560 1229 592 1268 eo
614 1220 703 1281 statu,
725 1215 757 1268 in
779 1228 835 1284 quo
857 1221 968 1284 nostras
990 1229 1053 1271 ore-

29 1300 137 1354 tiones
159 1295 277 1364 possint
304 1305 492 1364 cognoscere,
521 1295 597 1348 sicut
618 1292 716 1356 Sancti
742 1295 772 1349 in
801 1294 898 1358 coelo,
927 1307 1051 1362 quorum

31 1386 135 1432 status
158 1389 199 1428 ex
220 1374 299 1428 omni
320 1380 402 1442 parte
423 1372 523 1428 beatus
544 1372 677 1442 requirit,
700 1379 732 1426 ut
752 1380 926 1443 cognoscant
946 1371 1052 1428 oratiu-

29 1472 87 1512 ues
113 1452 155 1508 ad
179 1468 212 1506 se
233 1452 375 1520 directas,
407 1467 471 1506 cum
492 1452 547 1506 hoc
570 1451 696 1506 maxime
724 1450 903 1523 adglorians
932 1451 1050 1515 iliorum

29 1533 258 1592 accidentalem
281 1533 411 1588 conterre
431 1530 531 1601 possit.

98 1612 265 1680 Quaeritur
286 1613 312 1666 5.
335 1626 388 1680 pro
410 1609 518 1680 quibus
540 1611 578 1664 sit
603 1608 754 1664 orandum.
1005 1655 1036 1675 ‚s

96 1687 328 1760 Respondetur,
358 1705 414 1747 non
437 1689 522 1745 modo
550 1704 604 1759 pro
630 1689 717 1744 nobis
745 1705 797 1746 uos
824 1703 905 1747 erare
933 1688 1048 1756 debere,

30 1772 84 1828 sed
112 1773 210 1826 etiam
231 1786 283 1838 pro
305 1768 637 1839 quibuscunqueuliis,
668 1783 741 1838 quos
769 1775 898 1826 tenemur
918 1785 957 1826 ex
977 1770 1052 1824 cari·

32 1860 96 1908 tate
124 1849 263 1920 diligere,
285 1857 312 1904 et
334 1847 441 1919 quibus
455 1862 508 1918 per
528 1855 642 1902 nostras
656 1849 805 1904 orationes
820 1864 972 1918 possumus
986 1864 1055 1920 pre·

32 1932 136 1987 desse.
185 1928 269 1994 Quod
291 1927 407 1998 quidem
438 1935 549 1982 constat
576 1927 683 1980 velex
704 1927 770 1997 ipsa
797 1928 936 1983 cretionis
960 1927 1052 1984 donu-

32 2015 128 2066 nicae
143 2011 261 2074 torma3
292 2024 369 2075 uam,
391 2014 423 2062 ut
442 2009 483 2062 ait
497 2007 532 2062 D.
549 2005 714 2078 Cyprianus
736 2006 765 2063 in
783 2005 844 2076 ejus
859 2008 1050 2076 expositione,

31 2091 129 2146 noluit
153 2089 240 2158 pacis
259 2088 376 2151 Ductor,
404 2096 434 2140 ut
459 2089 520 2157 quie
542 2103 597 2156 pro
625 2095 784 2140 setectum
807 2094 943 2154 precetur.
986 2085 1050 2139 Noa
1127 2083 1129 2089 ⁴

33 2174 114 2226 enim
138 2170 257 2222 dicimus
271 2176 354 2236 puter
374 2183 458 2230 meaa,
488 2182 537 2219 nec
552 2182 653 2235 paoem
680 2181 765 2218 meum
789 2165 826 2218 du
845 2163 911 2219 mitt
932 2171 981 2216 etc.
1001 2164 1052 2218 sed

22 2261 123 2322 puter
143 2256 247 2310 noster,
263 2264 366 2316 paoem
386 2255 506 2300 nostram
526 2247 563 2301 du
583 2245 660 2298 nobis
681 2252 729 2298 etc.
764 2242 799 2297 td
818 2249 968 2312 praeterea
981 2257 1049 2306 con·

30 2339 93 2386 stat
119 2344 159 2382 ex
191 2343 224 2382 eo
253 2325 346 2396 quoti,
374 2333 406 2380 ut
432 2332 514 2380 recte
534 2329 750 2395 argumentatus
772 2323 798 2378 S.
821 2322 954 2398 Doctor„
970 2321 1046 2377 illud

31 2409 190 2465 debemus
211 2404 319 2460 orando
340 2414 451 2474 petere,
474 2403 554 2474 quod
576 2403 713 2458 debemus
736 2418 772 2458 ex
794 2402 911 2457 caritate
931 2408 1049 2470 optare:

28 2488 126 2559 atqui
148 2501 209 2540 non
231 2485 323 2538 solum
346 2483 447 2554 uobis,
474 2483 524 2538 sed
546 2483 632 2540 etiam
662 2482 730 2536 aliis
759 2480 896 2538 debemus
918 2493 955 2535 ex
976 2479 1049 2531 cari-

27 2578 95 2622 tate
123 2565 219 2619 multa
233 2564 311 2618 bona
333 2572 441 2633 optare,
465 2578 530 2632 ergo
548 2561 685 2616 debemus
707 2562 792 2616 etiam
814 2573 866 2630 pro
889 2557 950 2612 iltis
972 2556 1050 2610 hona

26 2649 94 2702 illa
120 2643 233 2717 orando
253 2643 410 2710 postulare.
760 2694 762 2700 ,

101 2725 150 2779 Ex
174 2739 230 2794 quo
254 2725 385 2793 sequitur
408 2721 432 2778 1.
456 2737 509 2776 nos
534 2721 647 2775 nullutn
675 2719 820 2774 homiuem
850 2714 995 2770 viventem
1016 2709 1049 2769 in

27 2806 140 2870 terris,
163 2803 351 2873 quantumvis
373 2809 552 2870 peccatorem
573 2806 623 2855 aut
641 2799 730 2864 ,uobis
756 2797 917 2862 insensum,
943 2793 1050 2850 debere

25 2886 75 2940 ab
103 2881 288 2938 orationibus
310 2880 417 2936 nostris
439 2879 623 2952 generalibus
653 2878 802 2946 excipere,
833 2873 1051 2945 quianullum,

25 2963 235 3035 quantumvis
255 2967 435 3031 peccatorem
464 2968 513 3014 aut
541 2959 701 3022 intensum,
733 2955 870 3010 debemus
892 2971 908 3010 a
929 2955 1051 3008 caritate

23 3041 202 3104 excludere
214 3060 222 3108 3
256 3049 285 3094 et
299 3037 334 3096 'nt
348 3039 478 3110 loquitur
492 3039 528 3094 D.
542 3038 724 3108 Augustinus
736 3036 792 3093 lib.
809 3035 845 3090 de
860 3033 1051 3102 Correptioue

25 3133 56 3182 et
74 3121 191 3176 Gratia
211 3135 276 3188 cup.
302 3119 347 3174 15.
385 3118 461 3174 Sicut
481 3119 557 3181 nulli,
581 3117 709 3187 quamdiu
730 3117 773 3169 iic
793 3115 865 3178 vicit,
887 3109 1050 3184 subtrahen-

26 3205 100 3256 dum
126 3209 169 3256 est
191 3199 365 3253 correctionis
386 3198 546 3268 beneficiam,
570 3197 610 3250 itu
630 3197 697 3250 ualli
717 3193 903 3264 denegandam
923 3197 963 3243 eat
983 3202 1050 3239 ora-

29 3283 123 3336 tiom's
145 3279 321 3350 auffrupiam.

100 3359 244 3429 Sequitur
258 3358 296 3412 ,2.
318 3372 369 3412 nos
391 3372 443 3428 pro
464 3356 526 3416 iltis
552 3352 685 3410 omnibus
717 3349 861 3404 defunctis
890 3359 970 3418 orare
1001 3342 1051 3398 dc-

31 3440 122 3508 bere,
146 3437 498 3509 quibuspcrcrationes
518 3443 631 3489 nostras
653 3445 805 3502 possumus
825 3425 982 3498 prodesse:
1015 3437 1051 3477 ae

29 3518 171 3588 proinde
200 3533 254 3572 nec
283 3531 336 3586 pro
366 3514 510 3570 damnetis
536 3513 678 3577 orandum
707 3523 782 3580 esse,
813 3522 877 3562 cum
906 3519 965 3558 non
994 3503 1053 3556 sint

63 3613 168 3665 Abetty,
186 3593 284 3653 mentitu
298 3610 431 3662 theetegtea.
461 3608 488 3649 ΙΙ.
844 3580 884 3644 24
