2314 3874
91 215 156 282 611
397 233 575 296 cananaeus
590 233 776 282 carantana

92 355 141 410 Au
162 355 192 411 iu
214 353 305 408 Missa
325 367 424 408 verum
444 362 472 409 at
491 354 609 424 proprie
630 352 741 408 dictum
753 354 933 408 sacrificium
951 355 1093 410 offeratur.
1154 347 1155 354 '

136 432 212 488 tait.
242 429 267 504 ς.
284 432 310 488 i.

95 512 221 580 Quinam
242 512 302 566 sint
320 512 406 584 hujus
428 511 565 567 sacrificii
585 512 712 581 effectus.
755 510 831 568 lbid.
852 509 882 584 3.
897 513 947 566 11.λ

97 594 145 648 An
167 589 339 648 scantiniam
361 593 468 647 Missae
487 592 526 646 sit
545 607 603 646 non
625 591 710 648 mado
734 591 921 661 latrenticnm
944 599 975 646 et
995 593 1099 648 ancha

138 673 286 738 riaticum,
307 671 359 726 sed
380 673 466 730 etiam
487 671 721 742 propitiatorium
736 679 765 726 et
777 669 1025 740 impetratorium.
1054 672 1097 728 lb.

96 749 160 818 Qua
193 752 314 806 ratione
331 751 437 806 Missae
471 751 645 805 sacrificinm
681 749 797 805 offerri
804 751 897 820 possit
926 754 1018 806 etiam
1045 767 1097 823 pro
1154 779 1155 814 ι

1 895 2 902 ¹
140 831 350 900 temporalibus
371 829 455 886 banis
477 845 494 884 a
515 829 574 884 Deo
596 829 795 900 impetrandis.
838 829 918 884 Ibitl.

1 909 2 922 ³
98 911 266 967 AnMiseas
273 911 446 965 unanimum
461 911 654 964 effeetuasuos
669 908 868 964 infallibiliter
880 906 1042 980 producat.
1053 909 1095 964 lb.

99 991 147 1046 An
169 991 207 1044 alt
228 990 357 1059 aequalis
379 989 560 1056 efficientiae,
582 989 644 1042 sive
666 1005 682 1043 a
702 989 797 1057 hono,
820 990 882 1043 sive
904 1005 922 1044 a
942 988 1024 1044 malo
1044 991 1096 1046 mi·
1154 1051 1155 1056 .

137 1069 239 1125 nistra
236 1069 393 1124 ’.οῆοιιιιιι
436 1068 512 1124 Ibid.
850 1091 852 1098 ·
1154 1059 1155 1070 ¹

97 1147 153 1204 Pro
189 1148 295 1220 quibus
329 1150 462 1218 personis
497 1147 669 1204 sacrificinm
695 1148 803 1204 Missae
828 1147 931 1202 valide
960 1155 989 1204 et
1017 1149 1095 1204 licite

130 1226 240 1285 ‘otlerri
255 1229 355 1299 posui.
399 1227 475 1282 Ibid.
497 1225 523 1298 ς.
540 1227 566 1282 t.
1154 1229 1155 1246 *

375 1403 377 1408 ·
433 1395 739 1456 ’ΒοΡοοιιΙιοιιιίι-
769 1481 770 1484 ¹

144 1529 341 1586 ¹Paenitentia
359 1537 401 1584 est
420 1530 663 1590 Sacramentuma
675 1528 788 1584 Christo
806 1529 992 1595 institutum,
1009 1543 1092 1599 quoa·

100 1607 168 1676 iam
189 1608 315 1664 hominis
336 1609 510 1678 poenitentia
525 1623 560 1662 aa
574 1607 702 1662 Ministri
722 1608 901 1663 absolventis
924 1617 1008 1666 actus
1021 1624 1096 1664 com-

97 1688 243 1758 plectente
273 1703 352 1756 quo,.
375 1687 412 1742 ab
433 1688 504 1754 hoa,
532 1686 668 1742 illaDeo
689 1688 912 1754 reconciliatur.
945 1695 973 1742 at
995 1705 1013 1742 (ι
1031 1703 1098 1758 nec-

97 1766 179 1838 catis-
191 1765 456 1836 post.Baptiamum
476 1767 636 1834 commissis
657 1763 838 1829 absolvitanm

99 1860 298 1922 Paenitentiae
322 1874 427 1919 namen
448 1863 571 1938 sumitur
591 1863 751 1934 aliqnando
771 1878 825 1932 pro
846 1864 961 1926 virtute
974 1864 1098 1930 morali,

139 1941 297 2011 aliquando
326 1956 378 2011 pro
399 1950 579 2004 sacramento
604 1957 698 2009 novae
723 1942 805 2013 legis.
847 1941 924 1996 Vide
945 1944 1101 2013 utriusque

138 2019 221 2076 illins
242 2022 419 2091 acceptionis
441 2021 632 2075 differentiam
652 2019 734 2091 paita
745 2021 773 2078 2.
789 2021 911 2076 tracti.
934 2037 959 2079 c.
975 2023 1004 2077 5.
1019 2039 1042 2076 s.
1057 2020 1084 2078 1.

100 2099 299 2156 Paenitentiae
323 2103 550 2160 Sacramentum
566 2116 595 2154 a
592 2101 718 2156 Christo
749 2102 912 2156 institutum
946 2115 1016 2156 esse-
1029 2116 1100 2172 pra·

139 2179 242 2238 batur
276 2180 352 2235 lbicl.
375 2188 443 2236 sect.
459 2179 486 2234 2
572 2205 575 2212 .
783 2215 789 2225 κ

99 2259 180 2326 Quae
201 2261 239 2314 ait
260 2261 413 2324 necessitas
436 2261 613 2314 sacramen-ti
635 2258 842 2316 Paenitentiae.
884 2259 962 2318 Ibin.

100 2338 164 2406 Qua
194 2338 305 2394 rafione
334 2347 452 2410 peccata
486 2323 613 2392 actualia
639 2349 711 2408 post
733 2342 912 2412 Baptismum
944 2340 1100 2394 commissa

120 2459 122 2470 ,
139 2412 276 2475 dieantur
296 2423 356 2474 asae
371 2418 493 2472 materia
506 2418 684 2473 Sacrameuti
697 2419 907 2474 Paenitentiae.
938 2419 1016 2474 Ibid.
1032 2436 1053 2473 s.
1066 2418 1096 2475 3.

101 2495 228 2563 Quinam
238 2497 413 2570 paenitentis
425 2505 504 2552 antus
513 2500 696 2567 requirantur
705 2497 805 2560 adhoc
813 2501 1038 2556 Sacramentum.
1049 2499 1096 2554 lb.

14 2571 20 2576 ”
101 2576 180 2643 Qui-tl
201 2579 239 2632 sit
257 2579 393 2634 contritio
414 2579 446 2632 in
465 2591 577 2648 genere.
619 2578 696 2632 Ibit.
718 2579 818 2634 sacti.

101 2655 180 2723 Quid
194 2657 232 2712 stt
246 2659 380 2712 contritio
402 2659 529 2728 perlecta
543 2665 571 2712 et
585 2666 746 2730 qna-*pacta
764 2657 806 2713 ab·
827 2659 975 2714 attritione
994 2658 1098 2712 distin-

141 2743 261 2808 guttur.¹
285 2736 372 2792 laid.
393 2743 461 2792 sect.
475 2735 505 2791 8.
675 2751 676 2759 ¹
886 2773 892 2782 -
1154 2739 1155 2832 l

98 2815 205 2872 Utrum
226 2818 360 2874 contritio
381 2819 508 2886 perlecta
529 2818 690 2871 necessaria
711 2817 749 2870 sit
768 2817 807 2871 ad
827 2815 1029 2872 Paenitentiaa
1047 2819 1097 2872 Sa-

140 2903 317 2960 cramentum
345 2897 488 2962 fructuose
517 2893 746 2966 recipiendnm‚.¹
764 2913 800 2950 an
829 2911 896 2951 vero
918 2900 1031 2953 attritio
1058 2897 1100 2952 aa

141 2974 174 3034 id
194 2975 328 3030 sufficiat.
371 2975 447 3030 lbid.
470 2984 538 3032 sont.
554 2975 581 3029 9.
629 3013 635 3023 .
703 3003 712 3028 ι
793 2979 797 2992 ’

100 3054 204 3122 Qualis
226 3053 331 3108 delicat
351 3070 411 3109 esse
433 3057 541 3110 attritio
563 3055 625 3122 illa,
649 3071 723 3128 quae
744 3055 779 3110 ad
796 3056 1014 3112 Sacramentum
1029 3071 1098 3126 poe-

120 3134 281 3188 nitentiae
303 3133 389 3206 digne
410 3133 608 3206 recipiendum
629 3135 781 3189 sulficlat.
805 3134 880 3190 ibid.
903 3141 970 3192 sect
988 3135 1036 3190 10

94 3209 205 3268 'Utrum
226 3213 368 3268 consessio
397 3215 618 3269 sacramentalis
636 3213 673 3268 ad
694 3218 875 3296 peccatorum
898 3215 1098 3272 remissionem

141 3292 372 3362 consequendam
403 3309 438 3348 ex
461 3283 569 3404 Christi
590 3293 708 3348 Domini
728 3287 917 3392 institutione
931 3297 1099 3351 necessaria

142 3369 189 3422 sit.
231 3369 305 3424 Ibit.
329 3374 396 3424 sect.
414 3370 459 3425 11.

100 3441 180 3513 Qnitl
201 3447 238 3498 slt
258 3449 376 3515 proprie
398 3397 539 3506 confessio
555 3451 784 3508 sacramentalis.
822 3449 946 3508 lbitl.

102 3516 248 3580 Quaenam
269 3533 468 3590 percenseat
478 3543 535 3597 quo
557 3537 684 3601 tempore
699 3533 871 3606 obligentur
887 3533 925 3588 ad
939 3535 1097 3590 confessio·
1154 3553 1155 3606 ι

140 3606 206 3646 nem
227 3603 462 3658 sacramentalem
484 3608 656 3665 faciendam.
699 3613 775 3668 Ibid.
793 3619 875 3669 sect.
883 3612 928 3668 tt.
