2316 3866
333 183 369 227 66
388 177 536 228 cacunem
555 179 744 232 rrarcrsrrs
971 167 1035 240 365
1066 177 1069 182 ’
1100 245 1102 254 1

19 307 201 379 praesertim
232 303 348 359 casibus
375 304 533 358 secundum
565 306 792 375 probabiliorem
822 309 1034 384 Theologorum

17 387 203 440 sententiam
236 383 367 455 obligare
394 384 569 438 censendum
600 393 649 438 est
694 387 807 441 Primus
829 399 886 456 est,
916 393 1034 461 quando

16 466 151 536 primum
183 465 301 520 homini
333 461 433 518 adulto
462 464 638 520 sufficienter
665 466 835 534 innotescit,
869 485 898 522 sc
927 487 943 524 a
974 473 1034 528 Deo

17 554 151 600 creatum
172 552 245 597 esse
259 541 297 595 ad
312 542 400 596 vitam
416 551 560 598 aeternam
576 544 818 614 consequendam,
841 563 927 617 seque
942 553 1034 606 teneri

14 627 108 680 vitam
134 623 228 677 illam
250 629 405 687 aeternam,
428 629 455 675 et
472 623 568 676 medin
590 625 751 679 necessaria
772 625 808 678 ad
830 627 911 681 illam
935 643 1033 684 conse-

12 704 172 775 quendam
196 719 215 756 a
235 701 294 754 Deo
316 715 439 770 sperare.
479 701 629 756 Secundus
649 712 700 770 est,
723 705 839 774 quando
861 705 898 760 ad
920 708 1035 778 aliquid

10 783 194 838 laciendum
220 781 382 850 obligatur,
410 780 488 849 quod
508 789 603 835 aetum
625 783 687 851 spei
709 784 791 839 velut
811 785 1033 855 dispositionem

8 863 225 916 necessariam
246 861 450 930 praerequlrit,
473 875 496 914 e.
521 879 546 930 g.
560 861 687 930 -qunndo
708 869 829 930 tenetur,
853 865 888 921 de
905 869 1032 934 peccatis

6 943 194 1012 poenitere:
227 939 266 993 ad
280 939 400 992 illorum
416 939 559 1010 siquidem
575 941 774 996 remissionem
790 943 910 1000 divinae
923 948 1037 1000 miseria

4 1019 146 1076 cordiae
166 1035 249 1088 spem
273 1019 393 1087 requiri,
416 1017 500 1074 docet
518 1020 680 1094 Concilium
699 1020 904 1078 Tridentionm
920 1041 988 1080 sess
1004 1027 1031 1081 6.

4 1117 77 1170 cap.
106 1100 138 1154 6.
184 1098 305 1152 Tertius
326 1106 402 1164 est,
411 1097 539 1167 quando
550 1100 646 1169 gravis
669 1101 769 1169 allqna
791 1105 911 1156 tentatio
934 1105 1034 1174 despe-

5 1181 145 1234 rationis
169 1188 264 1248 urget,
288 1191 375 1246 quam
397 1177 483 1230 aliter
503 1178 589 1233 homo
612 1192 747 1246 superare
769 1195 826 1234 non
848 1191 950 1249 potest,
974 1185 1032 1239 nisi

5 1270 115 1314 aetum
143 1259 213 1326 spei
235 1255 391 1310 eliciendo.

70 1343 101 1394 5.
148 1337 242 1390 Recte
257 1340 353 1388 autem
370 1334 650 1392 mouetlsambartus
665 1345 746 1391 tract
763 1337 798 1392 de
813 1351 863 1410 spe
878 1338 1029 1410 disputo.

2 1425 60 1473 art.
80 1422 111 1472 5.
133 1417 176 1470 66
193 1413 433 1472 satisfaciendum
448 1415 591 1485 ejusmodi
602 1425 758 1484 praecepto
772 1433 829 1474 non
844 1433 905 1473 esse
920 1433 1036 1490 semper

4 1499 236 1562 necessarium,
260 1501 292 1546 nt
312 1495 472 1549 formaliter
492 1495 626 1549 eliciatur
648 1503 729 1549 actus
750 1495 842 1564 ipsios
864 1501 946 1567 spei3
980 1500 1032 1554 666
1125 1545 1127 1549 .

7 1580 83 1632 satis
109 1591 183 1630 esse
206 1583 245 1629 ut
261 1573 442 1641 virtualiter,
463 1578 611 1642 quatenus
620 1574 746 1630 scilieet
767 1585 899 1632 censetur
918 1579 1050 1647 includix

6 1655 219 1712 virtualiter
219 1655 250 1706 iu
272 1652 398 1732 alicujus
421 1654 539 1708 alterius
556 1655 672 1708 virtutis
695 1663 769 1723 netu,
792 1673 819 1709 v
841 1673 867 1728 g.
888 1643 1034 1751 perfectae
1132 1707 1134 1713 ¹

5 1735 234 1798 contritionis,
257 1734 310 1802 qui
324 1739 407 1786 tnnc
421 1733 582 1788 formaliter
601 1734 762 1788 eliceretur.

69 1815 180 1883 Quod
206 1821 317 1880 spectat
342 1812 380 1866 ad
401 1812 541 1886 peceato,
571 1827 644 1885 quae
672 1813 735 1884 spei
764 1815 970 1886 adversantur,
1000 1834 1036 1872 66
1085 1857 1086 1860 .

4 1893 147 1967 proinde
169 1894 231 1946 hoc
250 1893 345 1959 primo
364 1900 519 1966 praecepto
540 1891 741 1962 prohibentur,
760 1893 906 1967 'l'heologi
928 1897 1033 1952 docent

6 1976 138 2030 duobus
160 1971 338 2042 praesertim
361 1971 453 2026 modis
475 1980 577 2026 contra
597 1986 676 2040 spem
698 1975 814 2041 peccari
835 1990 928 2043 posse,
951 1989 1034 2045 prae-

4 2055 194 2124 sumptione
215 2043 329 2104 scilicet
351 2059 380 2104 et
400 2051 628 2119 desperatione.-

71 2135 199 2188 Rursue
221 2132 420 2200 praesumptio
436 2131 594 2199 dupliciter
615 2131 756 2184 committi
770 2137 873 2199 potest,
897 2141 929 2185 ut
948 2133 1033 2188 docet

5 2215 48 2269 6.
61 2214 209 2266 Thomas
230 2219 340 2279 quaest.
362 2209 409 2264 at.
432 2218 484 2265 art.
510 2210 534 2264 1.
555 2211 664 2278 primo,
688 2223 752 2262 cum
775 2211 840 2280 quis
856 2214 1036 2280 praesumit,

1 2309 36 2347 se
59 2292 215 2347 divinam
243 2290 366 2358 gratiam
395 2290 587 2358 autgloriam
617 2287 760 2342 aeternam
790 2303 884 2344 exse
912 2291 977 2360 ipso
1004 2293 1037 2346 et

2 2379 146 2426 naturae
168 2384 239 2422 suae
261 2367 374 2420 viribus
403 2367 527 2449 adipisci
554 2383 659 2437 posse,
692 2367 834 2434 secundo,
863 2373 927 2422 cuni
949 2385 1032 2438 prae·
1116 2425 1119 2430 ,
1145 2373 1148 2378 “

5 2452 119 2516 sumit,
146 2458 179 2502 se
204 2462 240 2500 ex
260 2447 323 2502 sola
344 2447 445 2500 divina
454 2443 666 2502 misericordia
692 2457 908 2504 consecuturum
932 2451 1037 2504 remis·

3 2533 134 2585 6166666
149 2527 338 2596 pennatorum
360 2527 422 2580 sine
444 2527 507 2580 6116
523 2521 713 2596 poenitentia,
735 2533 785 2580 666
806 2537 949 2616 aeternam
964 2527 1031 2582 bea·

2 2609 183 2664 titudinem
208 2606 270 2659 sine
292 2604 362 2659 ullis
384 2607 522 2683 operibus
543 2607 708 2660 meritoriis.
800 2627 805 2632 ·
1058 2599 1059 2604 '

78 2687 260 2755 Desperatio
290 2696 357 2738 vero
386 2679 603 2751 committitur,
620 2701 683 2740 cum
707 2687 779 2754 quis
808 2685 968 2741 deliberate
995 2687 1031 2742 de

11 2763 233 2820 cinericordin
253 2764 355 2820 divina
377 2763 501 2834 diffidit,
532 2778 585 2818 nec
606 2771 794 2833 peecatorum
822 2765 1038 2835 remissionem,-

8 2857 64 2900 ,ut
88 2842 311 2898 beatitudiuem
339 2851 482 2898 aeternam
510 2843 663 2914 mediaque
691 2843 728 2896 66
756 2845 838 2898 illam
867 2848 1031 2902 necessaria

7 2923 158 2994 ,mplius
177 2939 195 2976 a
217 2923 277 2976 Deo
299 2926 441 2991 expectat,
463 2922 587 2992 ideoque
602 2933 714 2976 omnem
736 2932 870 2978 nonatum
892 2943 929 2981 ex
949 2935 1032 2995 parte

5 3022 64 3060 ua
94 3002 276 3072 requisitum
305 3003 479 3056 intermittit.
522 3001 609 3056 Recte
636 3009 730 3058 nutem
756 3003 889 3059 observat
911 3005 1030 3061 Tolerus

18 3087 63 3140 'b.
93 3083 128 3136 4.
155 3094 222 3148 666.
240 3080 272 3133 ’7.
296 3079 526 3150 desperationem
555 3081 713 3151 aliquando
740 3084 943 3138 esse-haeresi
964 3100 1031 3138 con·
1074 3091 1078 3096 '

2 3165 178 3218 'unctamr
210 3160 236 3212 si
258 3161 371 3229 qnisv.
395 3177 420 3232 g.
444 3162 622 3216 existimaret
640 3175 673 3214 66
687 3163 873 3230 pertinaciter
894 3162 952 3216 sibi
965 3177 1031 3232 pcr-

1 3243 171 3303 suaderet,
199 3239 290 3292 Deum
310 3247 361 3292 aut
381 3240 460 3294 nolle
483 3248 532 3294 666
552 3254 710 3308 nonposse
732 3248 850 3309 peccata
872 3255 889 3293 a
909 3254 1030 3295 recom-
1086 3309 1087 3312 Ἴ

0 3345 25 3372 m
39 3324 109 3375 issa
126 3320 286 3384 remittere,
308 3318 428 3389 6666666
443 3318 672 3373 misericordiam
686 3319 774 3372 talem
789 3332 846 3371 666
859 3333 933 3387 esse,
957 3335 1030 3390 quae

17 3409 56 3456 ot
81 3409 115 3453 et
137 3406 200 3454 tam
222 3398 323 3467 gravia
337 3405 456 3466 peccata
476 3400 560 3452 toties
582 3397 962 3452 iterata-condonarevelit
982 3407 1032 3454 aut

0 3479 135 3546 possit:
170 3476 252 3546 quod
272 3478 303 3529 in
322 3479 507 3532 confessione
525 3477 681 3547 specialius
696 3475 904 3530 declarandum
926 3479 1007 3535 soret.
