2348 3868
395 163 432 208 nn
453 160 662 206 recurrentur,
967 143 1031 212 165

68 284 116 352 spei
132 281 297 349 includitur,
310 297 376 354 ·quo
398 281 547 354 diligimus
569 283 677 350 Deum,
698 297 756 340 non
776 289 864 356 prout
884 289 927 338 est
947 285 977 339 iu
1000 301 1030 340 se

67 377 154 417 summe
171 362 259 417 bouus
281 369 309 417 et
327 370 446 434 propter
466 378 496 417 se
517 361 692 433 diligibilis,
722 362 772 417 sed
791 369 878 436 prout
899 372 942 419 est
962 371 1031 435 erge

66 457 105 496 nos
121 442 255 496 beneficus
275 449 304 497 et
323 441 472 509 liberalis,
501 439 718 497 concedendum
740 443 795 509 ert,
824 443 893 513 quis
920 445 1030 499 attritio

67 520 133 576 debet
157 522 252 576 saltem
280 521 443 577 virtualiter
463 535 543 591 spem
571 522 673 575 veniae
700 521 731 574 in
754 535 784 575 se
804 521 969 594 includere,
997 531 1031 581 ut

65 599 129 656 docet
141 601 242 656 concil.
254 599 385 656 Trident.
399 617 494 673 supra.
526 600 629 654 Videri
640 607 735 670 potest
749 616 835 671 super
844 601 899 656 lrsc
910 602 1031 656 materis

63 679 143 734 beatus
160 681 326 736 Frsnciecns
345 681 473 736 salesius
493 679 656 750 Episcopus
675 679 874 735 tiebcnnensis
894 681 926 734 in
947 685 1030 736 tract.

66 758 92 813 de
104 758 190 814 diuino
203 775 308 827 amore,
328 761 382 814 lib.
397 759 425 815 2.
441 775 504 829 cap.
520 759 571 814 il,
583 759 633 814 ubi
648 761 755 832 optime
770 761 907 830 explicat,
924 760 988 830 quis
1003 763 1031 816 et

67 840 140 908 quslis
150 841 183 894 sit
196 856 275 895 arnor
288 841 342 894 ille
363 841 557 910 imperfectus,
578 839 630 911 qui
640 840 673 894 in
683 841 746 910 spei
760 840 867 896 virtute
879 839 1031 910 reperitur.

111 917 132 972 8.
166 921 299 990 Superest
319 934 409 974 unum
430 919 479 974 hic
499 917 722 986 observandum,
745 919 824 990 quod
844 927 942 974 mouet
955 919 1031 992 Lay-

68 1011 124 1052 nan.
140 1005 211 1054 tract.
233 998 260 1054 6.
285 999 322 1054 de
344 1000 468 1054 Sacram.
490 999 602 1052 Poenit.
628 1013 690 1068 cap.
713 997 741 1052 4.
763 999 901 1054 nimirum
924 999 960 1052 ad
981 1013 1032 1052 va·

69 1074 134 1130 lorcu
152 1079 327 1134 decrementi
349 1077 549 1132 Poenitentiae
577 1078 704 1147 requiri,
734 1084 764 1131 ut
788 1077 872 1132 dolor
897 1079 1030 1134 internus

66 1157 191 1219 sttritiunis
212 1171 262 1212 scu
286 1158 471 1213 contritionis
493 1157 592 1228 aliquo
612 1155 699 1212 modo
719 1155 879 1224 antecedat,
905 1163 955 1210 unt
976 1158 1032 1210 sal-

65 1240 106 1289 tem
117 1240 256 1292 comitetur
271 1247 419 1294 externam
433 1242 616 1307 peccatorum
632 1237 861 1303 contessionem
887 1241 947 1290 tum
963 1237 1033 1306 qnia

67 1318 179 1383 contritio,
201 1331 266 1374 eum
289 1319 327 1372 sit
347 1332 415 1386 pars
436 1317 628 1382 sacramenti,
652 1315 738 1371 debet
758 1315 857 1390 sliquo
879 1315 962 1387 signo
984 1328 1033 1369 ex-

67 1396 146 1462 teriori,
166 1413 216 1467 per
229 1396 440 1453 confessionem
455 1395 576 1466 scilicet,
597 1395 661 1449 fieri
675 1393 843 1463 sensibilis3
870 1399 931 1448 tum
946 1395 1033 1448 etiam

69 1475 116 1542 quic
130 1477 189 1545 ipsa
207 1484 394 1546 peccatorum
416 1475 556 1530 confessio
576 1473 734 1544 procedere
755 1473 841 1528 debet
861 1473 898 1529 ab
918 1475 1034 1528 interna

66 1555 227 1626 poenitentia,
249 1572 317 1611 cum
336 1571 394 1610 non
414 1555 453 1608 sit
472 1569 550 1609 mere
572 1561 600 1611 et
620 1554 746 1624 simplex
764 1560 947 1624 peccatorum
966 1569 1034 1609 unr-

65 1635 127 1702 rrtio‚
145 1635 192 1688 sed
211 1637 258 1690 sni
280 1636 373 1705 ipsius
395 1649 490 1690 coram
504 1635 567 1688 Deo
587 1633 743 1702 scensstio,
765 1649 840 1704 quae
855 1632 980 1707 proinde
1000 1633 1033 1686 in

64 1711 145 1780 spiritu
162 1715 338 1769 hamilitatis
359 1721 387 1768 ct
406 1714 437 1767 in
459 1715 556 1768 animo
578 1714 701 1768 contrito
722 1711 856 1768 iacienda
877 1722 927 1768 est.
964 1713 1037 1767 Pro·-

64 1789 148 1847 babilis
173 1796 367 1850 nihilominus
394 1802 422 1848 et
450 1799 511 1847 tute
532 1799 574 1847 est
601 1793 743 1847 sententis
765 1794 862 1848 Suarie
887 1792 962 1868 disp.
984 1790 1035 1846 20.

64 1867 89 1922 de
105 1871 217 1928 Sacram.
238 1874 353 1928 Poenit.
375 1879 442 1927 sect.
464 1871 492 1926 4.
514 1888 542 1926 n.
565 1870 612 1926 31.
639 1869 740 1943 (quam
760 1867 810 1926 hic
831 1870 1033 1943 subjungimus

64 1949 204 2022 ingratiam
220 1966 339 2020 eorum,
354 1954 405 2024 qui
426 1953 604 2022 frequentius
625 1951 662 2005 ad
682 1951 812 2006 tribunal
825 1949 1033 2021 poenitentiae,

65 2043 105 2083 nec
121 2033 172 2086 nisi
194 2049 258 2087 cnm
282 2033 377 2101 culpis
398 2031 567 2085 venialibus*
585 2030 739 2097 accedunt,
762 2031 869 2101 quique
888 2028 1036 2084 interdum

65 2111 133 2164 rrriic
152 2127 234 2183 super
254 2111 312 2166 hac
332 2126 362 2165 re
383 2111 528 2180 scrupulis
543 2110 749 2182 exagitantur),
770 2110 821 2179 qui
837 2107 920 2164 docet
940 2115 1036 2162 actum

67 2192 221 2246 contritionis
235 2193 382 2248 fructuose
394 2198 461 2261 poet
476 2190 684 2246 consessionem
698 2196 843 2258 peractam
858 2202 942 2264 posse
956 2187 1037 2254 elici,

67 2263 194 2326 dummodo
215 2279 282 2326 unte
304 2269 516 2325 absolutionem
535 2267 697 2324 Sacerdotis
719 2269 861 2334 elicietur,
883 2271 1037 2340 ipsamque

67 2349 260 2436 confessionem,
284 2351 416 2420 quamvis
432 2348 469 2404 ab
490 2350 603 2402 interna
617 2349 796 2419 poenitentis
817 2363 874 2400 non
890 2360 1037 2417 processe·

65 2424 103 2491 tit,
126 2433 212 2484 tamen
242 2437 386 2500 quatenus
416 2429 509 2483 veluti
538 2429 726 2482 informatur
735 2442 787 2498 per
814 2431 1036 2496 consequentem

67 2508 250 2577 contritionem,
276 2509 454 2564 sufficienter
472 2507 574 2576 pertici
594 2509 624 2560 in
646 2507 758 2561 ratione
779 2501 971 2561 accusationis
984 2507 1039 2558 ‘sn-

67 2590 243 2655 crsmentalis3
277 2586 327 2642 sed
351 2595 420 2642 tunc
441 2601 556 2641 necesse
584 2601 659 2654 esse,
689 2593 720 2640 ut
747 2587 868 2641 interior
894 2585 948 2638 illc
968 2598 1037 2638 con-

66 2661 126 2718 tritio
143 2668 186 2722 vel
207 2668 318 2722 attritio
338 2665 475 2722 exteriori
490 2665 589 2736 aliquo
611 2667 702 2738 signu,
724 2673 796 2735 puta
816 2664 951 2719 exteriori
974 2669 1037 2719 cori

66 2744 128 2806 poris
146 2745 331 2815 demissione,
361 2746 467 2800 humili
490 2745 689 2814 expectatione
718 2744 811 2814 ipsius
833 2743 1038 2814 absolutio-nis,

68 2826 166 2885 pectoris
184 2828 320 2882 tunsione
341 2834 393 2880 etc.
415 2841 448 2880 se
465 2825 578 2898 prodet.
638 2837 640 2844 ¹

372 3052 603 3123 SEOTIO
643 3053 703 3120 XI.

70 3173 162 3238 Uirtus
179 3185 345 3244 contesstc
358 3183 612 3244 sacramentalis
630 3181 675 3240 ed
715 3183 903 3240 eccctcrum
920 3180 1040 3238 remic-

72 3245 174 3310 donem
191 3251 424 3326 consequenda
410 3268 457 3378 *iffi
471 3251 728 3378 rffffcgslssffit'
709 3252 810 3308 omint
831 3249 1038 3308 institutione

117 3447 139 3503 1.
178 3453 372 3510 Confessionis
398 3453 614 3508 sacramentalis
642 3451 760 3506 nemine
783 3447 940 3504 secundum
962 3463 1038 3502 com-

78 3533 204 3597 tttuemd.
221 3533 350 3589 'l'lromue
369 3533 401 3586 in
414 3531 443 3586 l.
460 3532 537 3602 disp.
552 3530 597 3587 i'l.
613 3545 672 3601 epu.r
683 3529 712 3584 3.
733 3534 785 3581 nrt
806 3526 1040 3595 &aliorumque
