2356 3870
140 115 204 186 ido
294 177 297 182 .
443 133 483 186 ur
500 133 857 202 mensurus-errata

141 255 241 314 totam
266 269 319 309 seu
347 253 547 326 demptionem
571 248 613 308 ad
634 262 783 326 stuprum·
800 254 1031 326 perpetrandum
1060 255 1139 312 sditi-

140 336 222 402 brit3
255 333 333 406 quod
355 336 441 390 etiam
462 333 597 390 similiter
625 333 781 394 dicendum
808 337 967 396 existimat¹
980 335 1065 394 ridear
1085 335 1139 390 lia-

139 428 260 482 rtrrus,
285 415 311 468 si
331 414 412 486 virgo
435 429 486 483 per
506 423 645 484 stuprum
665 415 804 471 deflorata
825 429 919 486 seque·
937 415 1092 471 eommode
1111 427 1138 470 et

139 493 473 563 eonwnieaternupsit,
496 495 575 548 sesi
590 493 716 548 ⁴minimo
736 503 891 564 peeeasset,
915 495 989 566 quia
1010 503 1138 565 stuprum

139 573 222 629 illiue
243 574 354 630 nemini
375 573 520 641 innotuit,
552 575 734 642 tuneeuim,
761 576 893 644 quumvis
913 575 986 643 ille,
1007 576 1059 645 qut
1079 591 1136 628 eam

139 652 179 708 ad
205 651 384 724 peccantum
413 651 543 719 indurlt,
576 667 692 724 gravem
721 661 749 708 et
777 653 902 725 rigidam
930 655 1134 723 poenitentiam

138 748 236 789 eoram
257 733 316 788 Deo
337 731 435 786 subire
458 737 596 798 teneatur,
618 731 657 786 ad
677 733 787 788 nullam
811 743 904 790 tamen
927 735 1131 789 restitutionem

136 812 186 870 illi
201 811 362 871 faciendam
383 811 536 878 tenebitur,
558 812 630 882 quia
642 812 754 867 seilicet
770 813 883 869 nullum
900 812 1045 870 damnum
1057 829 1133 883 pessa

140 899 194 961 est,
212 890 292 960 quod
311 891 438 959 pecunia
458 892 604 946 aestimari
624 892 724 960 possit.
792 934 796 942 .

199 969 284 1037 Quod
305 977 415 1040 spectat
436 969 474 1024 ad
494 970 680 1038 adulterium,
700 971 727 1024 si
748 971 853 1025 mulier
867 969 1027 1043 conjugata
1050 970 1134 1026 fllium

139 1064 176 1104 ex
196 1048 339 1104 adulterio
361 1051 502 1119 suscepit,
531 1057 644 1105 tenetur
664 1045 798 1106 omuibus
820 1050 929 1118 modis,
957 1050 1069 1122 quibus
1090 1067 1134 1121 po

137 1135 200 1195 test,
223 1129 295 1186 eitra
316 1131 409 1184 lamae
425 1129 611 1200 dispendium
632 1137 682 1183 aut
702 1131 778 1184 vitae
791 1132 954 1201 perieulum
971 1143 1134 1200 procurare,

137 1223 174 1264 ue
195 1209 319 1280 legitImi
332 1209 477 1272 haeredes.
489 1210 599 1264 ratione
613 1207 700 1280 hqjus
722 1211 894 1282 illegitimae
911 1210 1006 1279 prolis
1022 1210 1134 1280 aliquid

138 1288 303 1343 detrimenti
331 1289 496 1358 patiantur:
529 1287 605 1342 uude
630 1288 656 1344 si
677 1288 764 1359 hebet
788 1290 866 1345 bone
891 1291 995 1360 aliqua
1025 1299 1134 1359 praeter
1166 1331 1167 1344 r

138 1367 234 1423 dotem
256 1367 313 1422 sibi
327 1370 455 1438 propria,
478 1383 551 1440 qnae
568 1369 660 1436 possit
682 1369 787 1438 quibus
803 1369 873 1425 velit
894 1369 1037 1436 tribuere,
1061 1377 1132 1424 tene·
1166 1399 1167 1438 r

136 1453 197 1515 tur,
223 1448 342 1503 exiliis
364 1455 474 1504 tantum
495 1447 633 1519 legitimis
654 1447 829 1504 haeredibus
849 1449 1015 1519 applicare,
1048 1464 1132 1519 qaeu-

138 1533 198 1582 tum
217 1529 288 1581 setis
310 1529 364 1582 erit
381 1527 419 1586 ad
439 1527 706 1596 compensationem
717 1527 817 1583 damni
830 1542 883 1598 per
902 1529 1041 1598 spurium
1061 1529 1133 1584 illati

136 1613 185 1662 aut
212 1605 369 1660 inserendi.
407 1607 457 1660 »lta
485 1606 638 1676 Csjetanus
670 1622 766 1676 opusc.
799 1608 847 1662 di.
879 1623 953 1676 resp.
988 1607 1037 1662 tt.
1081 1607 1131 1662 Na·

136 1701 237 1740 varrus
258 1700 321 1753 esp.
346 1683 390 1739 16.
420 1701 498 1740 num.
520 1685 567 1739 tt.
612 1685 857 1742 tolereremus.
887 1702 950 1756 esp.
978 1686 1025 1742 li.
1070 1689 1129 1742 Les·

136 1764 196 1818 sius
217 1761 271 1822 tib,
293 1762 321 1818 2.
343 1777 405 1833 etp.
431 1762 477 1818 to.
499 1763 570 1820 dub.
593 1765 620 1820 i.
646 1774 674 1822 et
695 1765 751 1821 alii
770 1767 969 1824 communiter.

195 1841 232 1897 8.·
252 1841 353 1910 ‘Quod
384 1844 409 1897 si
439 1844 546 1904 mulier
575 1845 659 1900 nulla
689 1845 833 1918 ejusmodi
864 1846 942 1901 bons
972 1845 1128 1915 possideat,

133 1935 227 1992 nsque
247 1922 309 1978 ullo
330 1921 417 1978 modo
438 1924 578 1986 damnum
599 1924 675 1985 titud
703 1938 887 1995 compensare
907 1927 1026 1995 possit,
1050 1941 1130 1998 qnae-
1167 1964 1168 1996 ,

134 2009 201 2056 runt
223 2001 381 2074 Tireologi,
400 2019 446 2060 ‘ani
461 2011 592 2059 tenentur
612 2005 708 2072 etiam,
731 2021 796 2060 cnm
812 2007 947 2076 periculo
971 2007 1067 2074 vitae,
1087 2006 1128 2060 vel
1167 1997 1168 2070 i

83 2119 111 2142 ‚r
135 2081 289 2152 dispendio
311 2083 418 2149 ismae,
447 2084 554 2139 erimen
572 2099 668 2138 suum-
681 2085 782 2140 morito
804 2087 860 2140 vel*
874 2085 935 2140 dlio
956 2101 1010 2140 auo
1034 2087 1128 2156 spurio
1167 2073 1168 2166 i

87 2195 91 2220 ;
132 2160 265 2234 prodere.
300 2161 501 2232 Respondetur
521 2177 557 2220 ex
577 2165 724 2220 summunt
746 2165 901 2220 Doctorum
923 2167 1082 2234 sententia,
1102 2171 1129 2218 ut
1167 2167 1168 2240 l

134 2241 233 2295 videre
254 2247 296 2296 est
317 2242 397 2311 apud
410 2243 540 2300 Lesaium
562 2251 589 2298 et
604 2243 736 2300 Toletum
758 2258 856 2314 snpra,
877 2259 936 2300 non
958 2247 1055 2300 teneri
1069 2261 1129 2300 eum

132 2320 264 2392 periculo
292 2322 389 2388 vitas;
421 2322 553 2392 quamvis
581 2330 676 2377 autem
704 2323 799 2394 aliqui
826 2324 1008 2391 existiment,
1040 2325 1080 2380 sd
1100 2323 1129 2378 id
1167 2355 1168 2390 ,

133 2399 258 2471 obligari
280 2416 345 2456 cum
365 2401 483 2456 honoris
505 2409 534 2456 et
554 2403 647 2458 famae
662 2401 826 2473 dispendio,
848 2403 1013 2472 probabilis
1037 2412 1128 2460 tumen

133 2485 161 2535 et
181 2486 244 2534 tuto
264 2481 295 2535 in
317 2481 402 2549 proxi
423 2489 466 2538 est
486 2482 628 2538 sententis
642 2483 713 2548 Soti,
729 2483 901 2549 iunocentii,
916 2483 1126 2548 Panormitam,
1167 2505 1168 2522 1

133 2559 278 2632 cajetani,
307 2559 437 2618 Nasarri.
454 2567 491 2616 et·
512 2562 650 2629 aliorum,
676 2577 750 2632 quos
778 2563 865 2618 refert
885 2570 913 2620 et
932 2562 1045 2632 quibus
1066 2564 1126 2618 snb·

131 2640 233 2695 soribit
254 2641 370 2699 Lessins
397 2655 485 2709 supra
509 2640 580 2694 dub.
604 2641 630 2696 7.
663 2642 714 2712 qui
734 2650 853 2714 negant,
882 2643 1036 2698 mulierem
1068 2659 1125 2698 eum

130 2719 255 2773 notabili
275 2721 369 2776 samue
390 2719 565 2790 honorisque
595 2719 749 2790 dispendio
774 2721 812 2776 ad
832 2721 942 2778 crimen
963 2739 1047 2776 snum
1071 2739 1129 2776 ma·

130 2797 186 2851 rito
214 2798 260 2852 vel
289 2801 350 2856 lilio
379 2801 477 2871 spurio
507 2799 697 2856 revelandum
724 2799 869 2873 obligari:
902 2817 1024 2872 quorum
1051 2801 1129 2856 ratio

132 2881 188 2940 est,
216 2877 301 2946 quod·
322 2879 411 2947 ieme,
441 2895 506 2936 oum
534 2881 572 2934 sit
599 2879 707 2936 bonum
734 2881 891 2952 superioris
912 2880 1043 2950 ordinis,
1070 2896 1128 2934 non

130 2954 264 3011 videatur
284 2958 315 3011 in
336 2959 390 3012 tali
412 2974 480 3017 osen
501 2961 663 3016 necessario
691 2960 864 3029 exponenda
893 2975 946 3029 pro
968 2962 1029 3016 alio
1051 2960 1125 3016 bono

128 3035 275 3092 interioris
297 3037 424 3105 ordinis,
453 3040 620 3108 praesertim
642 3055 706 3098 oum
729 3039 813 3094 illius
842 3039 929 3096 dietis
952 3055 1049 3110 neque
1071 3055 1124 3094 ma·

129 3117 212 3183 ritus,
233 3131 326 3187 neque
341 3117 467 3186 spurius
480 3117 557 3182 ,filius
572 3112 689 3174 eredere
704 3126 872 3186 teneantur3
904 3121 1038 3189 alloquenti
1059 3120 1124 3174 eaint

129 3214 206 3251 suam
226 3196 530 3268 aspendevitanus
551 3190 680 3270 regulam
696 3197 781 3269 juris,
806 3200 881 3252 nulio
902 3200 1016 3254 debetur
1036 3201 1124 3258 tides

129 3275 308 3347 proindeque
329 3289 366 3330 ex
386 3277 441 3330 lile
461 3279 571 3346 peceati
592 3278 637 3332 sui
660 3278 855 3332 declaratione
881 3279 957 3332 nihii
978 3278 1063 3334 eliud
1084 3295 1124 3332 so-

128 3362 272 3422 queretur,
294 3356 354 3408 nisi
368 3356 536 3410 scandalum
557 3357 588 3410 in
611 3357 722 3410 familia
738 3361 765 3412 et
780 3357 927 3412 discordia
942 3359 1021 3414 inter
1032 3359 1123 3412 tilios:

128 3431 205 3484 unde
219 3436 389 3503 stiameap.
414 3435 504 3503 officit
525 3433 563 3488 de
581 3436 739 3503 poenitent.
763 3445 790 3491 et
812 3437 920 3492 remiss.
943 3439 1020 3494 nihil
1040 3434 1122 3492 aliud

127 3510 337 3574 praescribitur
363 3521 492 3582 respectu
521 3515 666 3590 mulieris,
699 3531 772 3588 quse
802 3515 893 3571 fllium
922 3521 1126 3588 supposuerat,
