2384 3868
388 213 426 256 ua
448 211 652 258 messmam.
976 195 1017 262 'ti

46 334 89 386 iou
113 332 294 386 incremento
321 333 404 402 panis
430 332 592 387 subenensis
619 340 732 387 maneat
759 331 846 388 simul
867 349 931 388 eum
953 334 1018 404 ipso

46 411 137 466 Christi
155 426 282 479 corpore.

89 491 114 544 2.
153 489 337 544 Reielluutur
361 491 392 544 hi
420 506 547 556 errores,
574 499 602 546 et
629 491 791 547 eutholioee
809 491 890 546 iiidei
911 495 1018 548 veritus

43 570 71 624 de
94 570 418 626 ¹ireneeubstautieti'oue
445 573 531 640 panis
558 579 586 625 et
612 573 675 626 uiui
704 571 734 625 iu
765 571 872 626 Christi
898 573 1017 628 Domini

43 665 128 718 eorpus
147 658 175 703 et
194 651 362 720 sanguinem
382 650 523 720 probetur
538 649 564 703 1.
593 663 631 704 en
659 651 832 706 authoritate
858 652 1017 718 Ecclesiae,

42 744 100 798 queo
123 729 155 784 id
180 745 314 798 expresse
334 738 363 784 et
383 737 480 799 operte
502 729 663 784 deelaravit
683 739 742 783 tum
764 731 794 784 iu
818 731 929 786 Caunii
953 732 1018 785 'iri-

42 807 104 862 isnt.
131 823 216 878 supro
243 810 349 879 reluto,
377 815 437 862 tum
466 810 552 862 etiam
580 817 665 863 antee
691 812 722 863 iu
750 811 861 864 Conoil.
885 811 1016 866 Latereu.

41 888 260 942 subiuuoo.111.
282 901 345 956 esp.
367 887 508 952 Fir-rniter,
537 887 573 942 (ie
594 905 665 943 sum.
688 887 770 943 'Prin
792 890 845 944 ubi
868 889 1019 946 definitum

41 965 157 1034 hebetur,
185 970 215 1020 in
245 969 422 1022 sacramento
449 967 547 1022 aionis
574 985 671 1038 corpas
691 978 718 1022 et
736 970 1019 1038 senessinemcisisti

46 1048 85 1098 mi
100 1049 224 1116 speciebus
241 1050 327 1118 ponis
348 1057 373 1102 et
393 1050 450 1101 uini
478 1051 610 1102 ememter
637 1050 783 1112 contineri,
815 1051 1019 1106 ommitten-

47 1127 106 1177 tiotis
122 1145 189 1196 pone
220 1138 248 1181 et
274 1130 335 1181 uino
355 1129 384 1180 in
405 1143 502 1198 empus
522 1137 548 1180 et
568 1131 744 1197 seayuinemr
771 1135 799 1183 et
824 1129 855 1182 in
884 1130 1027 1186 Conciliov

46 1203 150 1261 Romano
177 1207 234 1262 sub
257 1205 378 1261 Niooiuo
392 1206 429 1261 ΙΙ.
458 1207 511 1262 ubi
539 1207 730 1278 Berengarius
751 1208 856 1262 iterum
878 1209 1019 1264 haeresim

44 1300 106 1337 suem
123 1286 260 1358 sbJurnns
281 1287 476 1356 profitensque
490 1285 591 1342 Fidem
614 1287 787 1342 catholicam
808 1288 850 1342 sio
871 1287 1017 1358 loquitur:

46 1362 113 1416 Corde
136 1369 229 1431 oredo,
261 1374 287 1426 et
308 1383 355 1420 ore
375 1366 514 1435 confiteor,
540 1383 642 1436 ponem
663 1376 688 1420 et
708 1368 798 1422 vinnm
819 1377 868 1424 eto.
890 1368 1019 1422 snbstan-

43 1445 123 1496 tiaiiter
139 1447 260 1502 conuerti
281 1447 309 1499 in
329 1461 421 1516 esrom
442 1463 476 1500 oe
490 1449 634 1520 propriam
655 1455 680 1500 et
698 1447 897 1517 vivificatricem
911 1463 1019 1502 earnem

42 1531 63 1573 et
78 1529 223 1593 samnitem
250 1525 351 1579 Giristi
370 1525 489 1578 Domini.

86 1601 221 1660 Probatur
236 1603 265 1658 2.
287 1619 324 1658 ex
345 1605 393 1659 88.
408 1603 561 1670 Patribus,
590 1604 641 1674 qui
667 1602 699 1658 id
724 1606 1018 1662 uueuimieouseusu

41 1693 162 1752 esserunt,
183 1693 216 1739 ut
243 1685 269 1738 S.
286 1684 369 1755 Grog.
383 1682 468 1753 Nyso.
488 1691 558 1737 oret
575 1683 683 1738 oeteoh.
707 1699 770 1754 nep.
783 1683 830 1738 et.
852 1686 908 1739 Dei
926 1685 1021 1751 Verbo,

40 1759 131 1832 inquit,
150 1765 353 1834 sanctificatum
367 1779 470 1834 pmsem
490 1764 519 1816 in
533 1764 588 1816 Dei
611 1761 691 1817 Verbi
711 1772 808 1833 cosmos
828 1767 908 1820 eredo
929 1775 1022 1820 irone

41 1845 133 1907 nomn,
164 1843 338 1914 ibidemque
369 1842 470 1897 subdit
500 1849 633 1896 naturam
663 1844 750 1911 penis
781 1851 809 1897 et
835 1845 899 1899 viui
929 1855 1022 1899 truns-

40 1920 173 1978 eienentori
201 1926 362 1993 inemptis
386 1929 411 1976 et
431 1924 589 1992 sanquinem
612 1921 721 1976 Giristi.
765 1923 1022 1994 meministin.

39 1996 112 2068 Epist
139 2004 176 2059 ed
198 2003 388 2072 Calosyrium
410 2002 498 2069 dioit,
528 2015 633 2071 penem
660 2003 692 2056 in
721 2002 807 2058 uitari
835 2003 966 2058 oblatum
994 2006 1023 2058 in

41 2083 158 2136 seritotem
173 2085 312 2154 propriae
333 2083 424 2138 cornis
444 2099 464 2136 n
484 2082 590 2136 Christo
612 2084 737 2135 censesti
771 2083 799 2136 S.
813 2081 944 2138 Damaso.
960 2084 981 2136 1.
993 2083 1021 2138 t

41 2156 165 2234 deiide,
188 2178 255 2232 esp.
273 2161 318 2217 14.
342 2163 461 2228 asserit,
483 2161 514 2215 in
535 2161 591 2216 hoo
613 2162 795 2216 Suoremento
816 2169 966 2232 punemet
980 2164 1024 2217 vi-

40 2251 93 2293 num
118 2244 196 2296 niodo
225 2242 347 2296 mirabili
374 2243 403 2294 in
426 2241 528 2296 omissi
554 2251 697 2310 conputet
716 2243 874 2310 sanquinem
895 2244 1022 2296 conserti.

39 2315 61 2368 S.
78 2318 196 2392 denique
219 2321 323 2376 Ambr.
344 2321 398 2375 lib.
422 2319 649 2388 deleniendis,
679 2335 741 2390 esp.
757 2319 785 2374 9.
814 2322 913 2392 ipsam
935 2322 1021 2389 punis

40 2400 131 2455 etvini
151 2402 426 2456 transmutationem
446 2399 478 2454 iu
493 2415 597 2469 eorpus
612 2407 640 2454 et
657 2401 826 2472 sanguinem
841 2400 950 2454 Christi
964 2400 1022 2454 Do·

39 2476 97 2530 uiui
115 2482 175 2536 tuse
197 2480 347 2550 explieat,
368 2487 396 2536 et
416 2480 506 2534 variis
527 2485 588 2534 tum
602 2478 781 2546 rationibus,
804 2487 865 2534 tum
877 2479 1022 2549 exemplis

38 2555 139 2625 probet,
161 2576 239 2631 quse
261 2560 341 2628 epod
360 2561 446 2613 ilium
468 2559 580 2614 utiliter
599 2559 658 2632 legi
678 2569 810 2628 possunt.
911 2595 915 2604 »
1008 2591 1012 2598 -

85 2635 110 2690 3.
143 2639 300 2711 Objieiunt
315 2640 349 2693 i.'
362 2639 522 2706 Haeretici,
544 2639 758 2694 Eueharistiam
779 2639 879 2693 vocari
898 2639 929 2692 in
945 2639 1021 2693 Seri·

39 2718 115 2778 pteris
134 2735 257 2787 panem,
281 2723 311 2771 ut
333 2719 358 2772 t.
375 2719 440 2773 Cor.
458 2718 505 2771 10.
527 2717 603 2773 unde
623 2719 766 2782 inierunt,
787 2719 873 2786 panis
888 2718 1021 2772 substen-

40 2793 97 2847 tiam
121 2799 207 2852 simul
236 2813 302 2852 oum
324 2797 432 2852 Christi
460 2811 581 2868 eorpore
607 2798 638 2850 in
659 2797 843 2851 Eucharistie
865 2812 1021 2868 remouere,

41 2871 100 2925 alies
118 2877 188 2932 saiso
210 2878 299 2946 penis
320 2875 472 2932 diceretur.

88 2952 301 3025 Respondetur,
316 2957 428 3010 'soseri
448 2969 570 3025 ponem,
600 2956 648 3008 vei
669 2955 738 3024 quis
759 2957 929 3012 exteriorem
951 2957 1022 3028 tgu-

41 3044 90 3084 ram
109 3043 135 3086 et
153 3037 213 3090 slis
234 3037 320 3104 penis
341 3035 505 3090 occidentis
526 3034 646 3101 retinet3
668 3033 891 3090 sioutGen.18.
914 3036 1023 3106 Angeli
1088 3065 1090 3070 ·

41 3121 163 3167 vorantur
188 3116 266 3184 uiri,
294 3115 363 3186 quie
389 3115 516 3169 exterius
545 3114 617 3168 tulos
645 3128 706 3168 esee
732 3115 923 3182 uidebantur,
953 3114 1023 3169 lieet

42 3190 142 3246 realiter
160 3196 233 3250 tales
253 3210 312 3248 non
334 3201 441 3261 essent3
463 3195 511 3247 vel
532 3193 602 3263 quis
615 3201 682 3247 ente
695 3197 940 3250 consecrationem
955 3207 1022 3247 vere

43 3270 112 3332 punis
131 3273 186 3328 fuit
205 3274 330 3344 ideoque
349 3274 436 3343 penis
459 3273 582 3338 dicitur,
606 3274 737 3341 quemvis
753 3275 880 3343 emplius
894 3287 952 3326 nou
967 3273 1021 3338 sit3

46 3346 105 3401 siout
130 3353 158 3406 in
172 3349 335 3423 ‘Scripturis
364 3368 409 3406 res
437 3351 578 3422 quaedem
601 3361 667 3420 poet
687 3354 874 3407 mutationem
894 3353 928 3405 iu
946 3352 1020 3422 ipsis

47 3423 130 3486 iustam
150 3433 440 3502 eodemuterumque
461 3432 578 3486 nomine
599 3439 754 3498 vocantur,
784 3446 841 3500 quo
868 3438 952 3485 anteo
972 3446 1022 3485 vo·

50 3503 182 3578 tutantur,
204 3521 235 3567 ut
255 3511 350 3566 Exod.
366 3511 393 3566 7.
419 3512 503 3581 uir'ge
518 3511 635 3578 Moysis
655 3511 687 3564 iu
709 3516 870 3578 serpentem
888 3509 1023 3564 substau-

52 3581 137 3643 fitliter
154 3600 263 3648 mutata
283 3590 378 3648 adhue
400 3598 495 3646 tamen
516 3589 682 3660 appellatur
702 3589 793 3658 virga
816 3629 818 3634 .
853 3609 857 3618 ·
