2384 3868
408 77 446 124 os
464 72 713 125 construentem.
1015 49 1058 130 δ’ὁ

89 215 254 274 repmerouor
281 200 318 253 od
343 201 439 262 nilon,
463 207 529 270 poet
546 199 715 268 Baptismmn
736 199 926 269 constristamur
945 199 982 254 nd
997 217 1055 271 pu-

48 311 50 316 *
86 295 166 347 prom·
184 280 210 331 in
230 279 369 349 Baptismo
389 280 537 341 abluimur,
555 287 620 348 port
639 278 808 348 Baptismum
827 278 994 334 roboramur.

132 357 177 412 list
189 364 283 412 autem
298 358 496 412 observatione
510 357 630 428 dignum
644 357 676 412 id
691 357 769 427 qnod
782 357 906 413 hahetur
919 359 949 414 in
961 359 1055 430 Epist.

84 439 104 492 S.
118 438 234 510 Cornelii
248 439 342 508 Pspae
356 437 396 492 ad
409 435 532 492 Fabium
545 437 722 512 Episcopum
737 437 959 506 Antiochenam,
982 453 1055 510 quse

83 522 146 572 extri
163 516 239 587 apud
257 517 363 572 Euseb.
392 517 446 571 lib.
462 516 490 572 d.
519 517 591 570 nist.
613 517 693 570 Eccl.
715 531 778 588 cup.
795 515 842 572 35.
871 517 924 573 nbi
952 519 979 573 S.
1000 517 1053 575 iile

82 597 195 651 Pontifex
207 596 274 652 ideo
292 597 434 652 Novatum
454 597 486 650 in
506 597 649 651 haeresim
667 597 783 666 lapsum
804 609 865 651 esse
886 598 968 664 dicit,
990 599 1056 669 pain

76 685 128 747 post
141 671 305 747 Bcptisrnum
325 675 415 747 ticillo
429 677 540 732 Domini
555 677 589 729 ob
604 676 741 746 Episcopo
755 677 911 748 otntpnntor
924 695 977 731 oon
985 679 1053 748 finit.

125 753 149 812 i.
195 755 308 812 Tertius
338 757 465 826 deniqne
494 757 609 812 edecm
638 763 681 810 est
707 757 854 811 character
884 757 1053 827 spiritualis,

79 838 120 905 qni
134 851 182 905 per
199 837 255 890 hoc
277 839 492 892 sacramentnm
512 834 714 890 indelebiliter
734 837 847 890 animae
866 837 1055 906 imprimitur,

79 921 106 968 nt
125 931 248 986 expresse
276 916 430 971 definitum
458 921 500 969 est
529 915 561 968 in
590 915 695 969 decret.
724 915 797 986 Eng.
826 923 854 972 et
882 918 913 970 in
942 915 1053 972 Coreli.

83 993 143 1048 'lrid
161 1011 224 1049 sess.
242 997 271 1050 7.
301 1009 365 1050 csn.
381 995 409 1049 9.
439 1001 467 1048 et
495 1001 578 1048 antea
604 994 754 1050 definitum
776 995 867 1050 tuerat
887 996 918 1049 iu
942 995 1054 1052 concii.

84 1071 151 1128 'lolct
161 1075 188 1128 8.
211 1079 240 1130 et
262 1089 328 1129 cau.
344 1075 372 1129 t.
393 1076 426 1128 in
447 1089 504 1144 qno
524 1074 663 1140 habetur,
684 1085 806 1127 sanctum
824 1073 948 1128 chrisma
968 1075 1055 1130 collo-

81 1161 131 1218 don,
149 1165 170 1208 et
189 1155 289 1208 altoris
312 1155 437 1220 honorem
458 1154 535 1208 suelli
554 1169 607 1206 noo
622 1169 705 1224 posse
712 1171 723 1222 ,·
743 1153 775 1206 td
796 1160 839 1208 est
855 1155 1054 1208 Confirmatio-

77 1234 113 1286 nis
129 1243 151 1288 et
164 1233 284 1289 Ordinis
307 1235 500 1289 characterem
521 1249 578 1287 non
599 1248 683 1302 posse
705 1231 813 1300 deleri3
836 1247 873 1286 ex
888 1248 945 1305 qno
959 1231 1055 1304 seqni-

80 1319 126 1380 tm,
143 1314 359 1368 sacramentnm
379 1314 434 1368 hoc
454 1312 543 1368 semel
557 1320 722 1382 susceptum
737 1327 886 1383 nunquam
899 1327 986 1382 posse
1000 1313 1054 1366 ite

79 1394 134 1458 rari,
151 1402 181 1447 ut
199 1395 232 1448 in
253 1393 363 1448 iisdem
385 1393 525 1446 Consiliis
548 1391 728 1458 declaratur,
754 1398 782 1446 et
803 1393 889 1448 etiam
910 1393 941 1446 in
964 1391 1053 1447 Cone.

78 1471 240 1527 Cabiloneusi
255 1471 286 1526 2.
310 1488 373 1526 can.
389 1471 436 1526 27.
1036 1469 1043 1478 ”

121 1549 187 1607 ilinc
209 1553 385 1623 colligitur,
415 1558 523 1621 quanta
551 1552 711 1606 reverentie
736 1559 765 1606 et
785 1552 876 1609 animi
898 1550 1053 1606 devotione

74 1627 271 1686 Sacramentum
299 1630 378 1685 istnd
405 1631 497 1701 recipi
524 1627 643 1697 debeat,
673 1635 701 1684 et
728 1645 802 1700 quae
822 1645 892 1686 cura
912 1631 950 1686 sit
970 1628 1053 1684 edhi-

72 1706 164 1781 hendu‚
185 1728 220 1766 ne
241 1711 476 1782 praeparationis
498 1709 611 1764 defectu
632 1710 708 1765 obex
727 1711 836 1780 aliquis
850 1717 975 1780 ponetur
989 1708 1054 1780 ejus

72 1791 178 1859 gratiae,
199 1793 282 1845 inter
303 1797 345 1845 tot
364 1791 495 1860 pericula
516 1797 544 1843 et
564 1789 660 1844 hostes
681 1787 753 1844 adeo
768 1791 956 1858 necessariae,
979 1803 1053 1860 quse

71 1874 149 1924 temen
176 1885 328 1940 nunquam
356 1871 484 1924 fortassis
509 1869 672 1939 recuperari
692 1869 806 1938 poterit.
849 1870 932 1924 Certe
955 1869 1055 1924 Domi·

71 1949 139 2002 nicus
152 1951 255 2006 scotus
276 1951 307 2002 in
321 1949 348 2002 4.
374 1949 439 2002 dist.
449 1950 476 2002 ii.
493 1963 540 2018 qu.
553 1947 578 2002 i.
594 1955 645 2003 art.
655 1948 682 2002 8.
700 1955 806 2018 etpost
821 1948 907 2004 illum
921 1945 1053 2018 Vosque's

71 2025 132 2096 disp.
148 2027 212 2084 tot.
245 2043 308 2098 cup.
325 2027 352 2082 2.
383 2035 410 2082 et
436 2029 535 2098 plures
563 2029 616 2082 clii
643 2027 785 2099 Theologi
813 2027 933 2095 docent,
961 2027 1053 2100 solius

70 2104 196 2176 Baptismi
219 2109 256 2164 id
276 2107 427 2178 proprium
447 2120 526 2174 esse,
548 2113 580 2162 nt
602 2108 681 2176 ficte,
702 2105 735 2162 id
756 2115 798 2161 est
818 2107 938 2178 indigne
959 2117 1053 2160 susce·

70 2193 138 2253 ptus,
165 2188 284 2242 sublata
311 2194 410 2256 postea
430 2203 482 2256 per
503 2202 599 2240 veram
621 2187 827 2255 poenitentiam
848 2188 981 2253 fictione,
1009 2201 1054 2238 sa·

70 2267 260 2322 crementalem
281 2267 473 2321 nihilominus
495 2267 616 2337 gretiam
638 2267 765 2322 conterre
787 2267 895 2335 poss1t3
924 2265 960 2320 de
986 2265 1052 2319 aliis

69 2359 125 2398 vero
146 2347 338 2402 Sacramentis
359 2345 392 2399 id
411 2353 534 2417 negant,
555 2359 649 2415 neque
667 2345 732 2400 *nlla
753 2346 927 2400 authoritate
945 2351 1054 2398 antra

69 2423 135 2478 tione
155 2427 253 2481 evinci
273 2433 384 2495 potest,
407 2427 621 2480 Sacramentum
637 2425 870 2480 Confirmationis
892 2432 941 2479 ant
962 2423 1054 2494 quod*

70 2515 169 2575 cunque
200 2505 284 2560 aliud
313 2503 391 2574 (solo
418 2506 565 2578 Bnptismo
590 2504 725 2576 excepto)
753 2505 874 2576 indigne
905 2503 1053 2574 receptum

68 2581 147 2638 nllnm
172 2598 303 2655 unquam
331 2585 450 2654 gratiam
472 2599 508 2640 ex
531 2598 616 2654 opere
637 2591 754 2652 operato
774 2584 934 2654 producere
953 2585 986 2637 iu
1008 2583 1051 2650 eo,

69 2663 112 2730 qni
129 2663 250 2736 indigne
270 2665 396 2734 recepit,
426 2670 679 2734 quantumcunque
703 2663 738 2716 de
758 2663 881 2735 indigna
901 2664 955 2717 illa
976 2675 1055 2718 reee-

69 2741 155 2807 ptione
173 2744 331 2814 poeniteat.
579 2737 582 2744 ’
997 2769 999 2772 ·

388 2956 618 3030 scorto
660 2917 773 3028 iv(-

74 3083 233 3158 Qussnnm
258 3088 495 3150 discritiones
523 3089 736 3148 necessarios
763 3091 831 3148 sint
858 3089 903 3146 ad
930 3087 1055 3152 Scotu-

73 3161 205 3218 msntum
230 3159 300 3218 tion
325 3159 498 3218 rnnattonls
522 3159 634 3217 venda
652 3162 686 3217 ct
702 3159 874 3217 tmctuons
891 3159 1054 3230 recipien-

154 3229 246 3300 dum,
264 3231 298 3288 st
316 3240 404 3304 quae
421 3229 465 3286 slt
483 3229 573 3286 illins
591 3229 769 3300 recipiendi
788 3227 958 3298 ohilgsflo.

126 3375 150 3431 i.
190 3379 305 3434 Certum
327 3371 374 3432 est'
389 3379 421 3430 tn
441 3378 560 3446 primis,
584 3377 820 3434 confirmationis
839 3373 1055 3430 Sacramentum

75 3452 135 3510 solis
144 3455 300 3529 orphanis
311 3455 410 3512 valide
422 3456 547 3512 cacurri
560 3470 654 3528 possa.
677 3457 721 3512 ita
732 3457 759 3510 S.
770 3455 873 3510 'l'hom
887 3459 996 3524 quaest.
1003 3449 1053 3508 τῦ.
