2360 3862
305 91 308 94 ¹
407 133 445 178 aa
460 119 672 182 scaturrirent.
977 113 1037 185 tas

125 255 238 326 Denique
263 253 333 309 baec
359 253 516 324 prudentia
542 253 718 310 Confessarii
733 255 912 326 praesertim
940 259 1039 328 requi*

65 337 135 389 ritur
151 335 177 388 in
197 333 287 406 sigillo
314 349 364 388 seu
385 341 494 388 secreto
522 333 710 388 confessionis
737 333 951 394 inviolabiliter
978 353 1037 392 ser-

64 412 160 480 vando,
180 413 283 483 dequo
304 414 430 469 sectione
452 413 585 484 mouenti
606 421 714 485 agetur.
883 477 884 484 ἵ
1009 433 1040 450 -,

121 493 184 548 liufo
201 491 366 562 prudentiae
381 493 507 566 jungere
527 494 628 547 marito
644 507 795 564 possumus
817 493 963 550 caritatem
985 511 1035 552 seu

61 571 277 639 misericordiam,
300 573 425 642 quaein
443 572 625 626 confessario
645 573 770 628 maxime
792 572 981 646 desideratur,
1002 581 1036 632 ut

62 651 193 722 quoslibet
209 653 384 724 poenitentes
406 650 444 704 sd
465 665 495 705 so
515 653 663 706 venientes
685 652 787 707 affectu
802 651 892 724 plane
912 661 1033 723 paterno

60 732 192 802 excipiat3
220 732 334 786 illorum
356 730 563 802 ignorantiam,
594 730 772 800 tarditatem,
798 731 947 800 duritiem,
968 745 1033 806 pera

61 811 185 864 vicariam
205 819 230 864 et
243 812 316 866 alias
329 811 442 864 similes
456 809 688 879 imperfectiones
708 825 766 866 non
781 811 924 883 patienter
937 812 1034 882 modo,

63 889 115 943 sed
136 891 199 944 etiam
218 899 345 946 amanter
375 890 527 956 sustineat,
555 889 631 944 nulli
656 887 751 944 labori
778 900 893 961 parcat,
921 891 1034 946 nullam

64 968 204 1024 molestiam
230 970 368 1042 refugiat,
400 977 432 1024 ut
459 969 579 1024 illorum
607 969 758 1039 spirituale
788 971 897 1026 bonum
930 973 1039 1043 quovit·

65 1047 290 1118 modoprocuret,
321 1063 354 1103 ac
378 1063 485 1102 nouum
514 1060 625 1118 semper
655 1049 749 1103 zelum
779 1047 898 1106 divinae
924 1051 1037 1124 gloriae

60 1127 200 1198 salutisque
229 1131 392 1183 animarum
423 1128 454 1181 in
487 1128 573 1182 corde
607 1142 659 1182 suo
691 1130 839 1198 concipiat
868 1137 896 1186 et
927 1132 1032 1202 foveat,

62 1207 179 1276 diemque
204 1207 289 1263 illum
318 1208 494 1262 fortunatum
526 1206 695 1275 arbitretur,
726 1209 758 1262 in
787 1221 845 1278 quc
872 1213 1038 1278 peccatoris

61 1286 169 1358 alicujus
196 1289 377 1343 conversioni
406 1301 439 1341 ac
467 1287 703 1354 sanctificationi,
737 1287 838 1342 diviua
867 1287 1035 1358 adspirante

60 1367 155 1435 gratia,
179 1375 344 1438 cooperatus
367 1367 474 1420 fuerit:
505 1381 614 1422 memor
639 1365 721 1421 illius
746 1382 872 1422 summae
894 1369 1033 1437 caritatis,

63 1459 109 1512 qua
121 1445 240 1501 Christus
261 1449 388 1517 optimus
402 1447 506 1500 Pastor
523 1452 689 1516 peccatores
711 1453 739 1500 et
757 1449 933 1516 peccatrices
948 1463 1040 1518 quae·

62 1523 125 1590 sivit,
144 1527 261 1597 vocavit,
283 1525 395 1596 allexit,
414 1532 445 1580 ct
466 1524 504 1580 ad
524 1541 555 1578 sc
568 1526 717 1580 venientes
732 1526 947 1581 misericordiae
969 1529 1034 1582 sinu

62 1604 164 1672 excepit,
185 1607 264 1676 fovit,
287 1605 438 1674 amplexus
453 1612 504 1672 est,
526 1605 658 1676 hancque
674 1603 805 1662 divinam
821 1613 921 1662 vocem
935 1607 1035 1662 irretia-

60 1681 116 1736 bilis
134 1699 244 1752 prorsus
266 1684 464 1756 benignitatis
484 1681 552 1738 suae
580 1691 680 1738 testem
702 1687 733 1738 in
755 1685 845 1740 sacris
865 1685 1038 1758 Evangeliis

58 1761 170 1832 reliquit,
191 1765 217 1818 S.
238 1765 341 1819 Mattb.
364 1777 426 1833 cap.
452 1762 497 1817 11.
536 1763 628 1818 Venite
649 1765 692 1818 acl»
705 1781 746 1818 ma
767 1780 864 1830 omnes,
888 1768 935 1837 qui
956 1768 1043 1821 labo:

60 1843 115 1894 rotis
133 1851 157 1896 et
176 1837 290 1914 1111111111·7
305 1845 381 1914 anis,
411 1847 437 1896 et
465 1859 513 1914 epo
534 1843 652 1914 repiciens
679 1861 745 1912 vos3
776 1855 801 1899 et
829 1847 923 1918 discite
945 1864 962 1900 o
982 1845 1043 1913 me‘s'

58 1921 108 1988 puio
125 1925 195 1976 1111111
212 1941 268 1978 sam
290 1921 315 1977 ct
337 1925 443 1979 humilis
464 1923 553 1981 corde.
1028 1925 1030 1932 ⁴

356 2095 712 2242 anorroxxr.
1023 2148 1041 2196 ·÷

61 2273 136 2345 cuso
159 2279 387 2356 sltobllgatlo
411 2280 741 2409 'fflffipnmfl
764 2281 799 2342 tn
820 2255 1043 2344 ttorrfssslonav

109 2474 132 2530 1.
169 2479 331 2534 Dicendum
354 2479 380 2534 1.
402 2479 490 2552 hujus
512 2481 603 2552 sigilli
632 2493 682 2534 seu
704 2481 806 2537 secreti
827 2477 1032 2553 obligationem

64 2565 110 2608 esse
127 2559 341 2627 strictissimam,
363 2558 436 2624 adeo
456 2567 488 2614 ut
507 2575 653 2634 uunquam
668 2560 756 2614 liceat
771 2561 951 2616 confessario
964 2574 1033 2640 pec·-

64 2640 138 2689 catum
153 2638 276 2708 ¹aliquod
297 2640 327 2693 in
351 2639 530 2694 confessione
552 2639 697 2706 auditum,
720 2636 805 2694 etiam
827 2643 1033 2710 postmortem

63 2709 137 2777 ipsius
159 2719 331 2786 poenitentis
360 2719 422 2773 ullo
451 2717 537 2774 modo
568 2718 714 2774 revelare:
748 2719 826 2790 quod
843 2719 894 2773 ‘ita
924 2729 1032 2798 certum

68 2797 108 2855 tit,
122 2795 184 2850 utS.
200 2798 307 2852 Doctor
325 2799 358 2852 in
380 2797 408 2851 l.
431 2797 497 2852 dist.
513 2797 561 2853 al.
578 2797 686 2868 quaest.
709 2797 736 2853 3.
759 2805 811 2852 art.
830 2798 855 2868 1.
879 2809 987 2871 quaest.
1005 2799 1032 2857 l.

67 2865 98 2918 ad
115 2868 134 2924 1.
157 2877 325 2932 sententiam
355 2875 528 2934 contrariam
556 2893 703 2932 erroneam
732 2879 878 2950 appellet3
911 2888 939 2945 et
966 2886 1040 2952 cap.'

66 2944 178 3020 Sacerdos,
200 2956 267 3010 dist.
291 2957 317 3010 6.
342 2955 376 3010 de
398 2957 509 3010 Poenit.
532 2963 560 3010 ct
580 2957 750 3028 etiameap.
775 2959 866 3014 Omrt't'a
883 2963 1030 3034 uniusque,

66 3023 93 3078 dc
109 3027 206 3091 Posuit.
229 3043 256 3090 et
283 3037 407 3090 remiss·
424 3035 614 3106 depositionis
640 3051 736 3106 poena
757 3045 785 3092 et
806 3038 979 3095 detrusiouis
1001 3043 1033 3094 in

68 3112 154 3165 arctum
172 3115 375 3170 monasterium
398 3114 562 3170 decernitur
582 3115 613 3170 in
635 3115 723 3188 hujus
745 3117 1032 3190 sigilliviolatorom.

110 3185 175 3246 llaec
200 3197 293 3249 antem
322 3201 379 3248 tam
408 3195 507 3249 stricta
536 3193 627 3266 sigilli
655 3196 790 3250 servandi
816 3187 971 3270 obligatio,
999 3205 1033 3254 ut

69 3258 111 3316 fuse
127 3271 223 3336 probat
236 3273 409 3328 isambertus
425 3273 499 3343 disp.
521 3273 569 3330 23.
592 3281 643 3329 art.
668 3273 699 3329 1.·
716 3277 807 3330 oritur
826 3283 886 3330 tum
908 3292 944 3330 ex
961 3274 1029 3346 jure

72 3349 179 3418 11111111,
203 3367 262 3422 quo
282 3360 411 3408 tenemur
432 3354 485 3408 sub
507 3363 614 3409 secreto
636 3353 721 3408 nobis
743 3356 894 3409 commissa
915 3356 1029 3427 celare3

73 3419 110 3474 illl
127 3441 158 3480 ex
169 3431 273 3486 virtute
288 3431 431 3504 justitiae,
454 3449 526 3504 quae
541 3439 619 3488 vetat
632 3430 760 3503 proximi
774 3435 877 3488 famam
892 3432 1027 3506 laedereg

74 3501 114 3553 itu
139 3521 171 3561 ex
196 3513 301 3568 virtute
333 3513 495 3584 religionis,
528 3527 602 3583 quae
628 3513 817 3574 reverentiam
844 3513 1038 3570 nusiamento·

101 3593 173 3658 tune,
188 3607 281 3651 mesra
295 3596 432 3663 desupra
449 3607 477 3650 11.
831 3589 869 3654 13
933 3643 934 3646 ,
