2316 3866
396 139 399 145 ’
456 179 495 222 aa
514 177 669 226 racmrrs
1005 165 1070 233 ω’(

51 301 133 372 justi
148 313 222 353 ease
243 313 301 354 neu
324 297 474 365 desinunt,
504 305 532 352 et
552 310 626 369 qnae
646 299 770 369 proinde
799 316 864 356 eum
891 293 1068 374 gratianum

53 381 212 434 etidcaute
241 384 318 432 stare
345 382 479 446 potsunt,
509 385 545 440 ut
569 379 669 434 asserit
695 379 726 434 S.
748 380 929 453 Augustinus
957 383 1010 438 lib.
1033 383 1068 440 de

51 459 122 514 Nat.
147 465 179 512 et
204 456 285 512 Grai.
308 471 370 526 unp.
394 455 441 511 36.

118 537 272 592 Probatur
287 536 319 590 12.
341 551 380 590 ex
398 536 530 591 Concilio
545 535 719 592 Milevitano
740 553 802 594 ean.
826 537 854 594 7.
875 537 928 594 ubi
950 539 1067 610 dieitur,

51 634 116 672 non
144 617 246 672 solum
273 615 488 685 pedemontana,
517 615 568 670 sad
597 617 686 674 etiam
706 617 796 689 justis
823 617 900 675 inane
928 622 1067 680 orationis

51 697 232 752 dominicae
246 695 416 765 petitionem
430 697 603 750 convenire:
632 697 745 752 Dimitte
758 698 839 752 eoois
849 699 944 752 dedito
958 707 1067 768 uentae,¹

51 785 84 832 et
107 793 148 830 ex
171 775 309 830 Concilio
330 773 504 832 Tridentino
519 791 601 830 sess.
629 775 657 831 6.
686 792 751 847 cap.
779 775 826 832 lt.
852 777 913 832 nbi
933 793 1066 848 expresse

57 856 243 922 declaratur,
256 856 352 924 justos·
367 862 393 907 et
412 863 520 908 euectos
534 855 562 907 ιἰι
577 856 648 910 lenio
666 865 692 910 et
713 859 879 927 quotidiano,
902 875 971 929 quoe
987 861 1067 914 ett‘etn

61 937 194 990 tinette
214 935 335 988 oeeiult'o
350 943 468 1004 peccota
488 936 648 1006 quantoque
669 938 774 992 cadere.
852 959 868 986 ·.
955 957 962 964 ·

128 1013 155 1068 2.
200 1015 315 1068 Certum
336 1021 380 1068 est
399 1019 557 1082 praeterea,
580 1013 735 1070 disorimen
755 1017 867 1086 peceati
888 1016 1028 1072 mentalis·
1041 1024 1069 1072 et

62 1093 193 1148 venialis
223 1089 431 1149 desumendum
460 1107 522 1147 esse
549 1107 608 1148 nou
636 1109 673 1148 ιι
694 1094 850 1165 eoquod,
879 1103 911 1150 ut
938 1103 1069 1154 asserunt

58 1173 225 1229 Lotherani
247 1179 276 1226 et
297 1171 489 1241 Calriuirtae,
518 1179 638 1240 peecata
666 1175 764 1230 omnia
788 1172 1068 1242 praedestinatorum

60 1261 115 1306 aut
136 1251 272 1306 fidelium
293 1251 422 1304 venialia
442 1251 509 1317 sint,
535 1251 723 1322 reproborum
745 1260 885 1307 vero-ant
904 1253 1068 1308 infidelium
1146 1260 1151 1268 '

59 1331 212 1398 mortalia,
234 1330 300 1386 ted
298 1347 343 1386 ex
362 1329 482 1400 proprie
496 1330 609 1386 ratione
630 1337 658 1386 et
679 1339 780 1386 natura
801 1332 989 1402 ipsorummet
1002 1346 1068 1402 pso

60 1417 208 1466 estonum.
874 1445 877 1449 -

123 1489 159 1546 Id
173 1488 297 1560 probari
309 1493 405 1558 potest
427 1486 683 1559 inscriptura,
703 1505 787 1561 qnae,
810 1496 943 1559 utsupra
958 1451 1068 1545 dietum

62 1577 115 1636 est,
140 1569 286 1635 declaret,
314 1575 436 1638 peeoata
462 1567 604 1638 quaedem
633 1576 750 1624 aeterna
775 1577 866 1625 morte
882 1569 977 1642 digua
996 1585 1067 1638 esse,

61 1665 101 1704 ae
125 1647 255 1719 proinde
284 1647 438 1713 mortalia3
471 1645 613 1718 quaedem
641 1665 710 1703 vero
741 1647 884 1716 venialia,
915 1650 978 1704 siue
1006 1649 1069 1704 ulit

62 1729 210 1785 relatione
231 1725 269 1782 ed
288 1725 585 1796 praedestinationem
612 1735 665 1782 *eut
686 1729 933 1798 reprobationem,
963 1731 1013 1786 vel·
1031 1727 1069 1784 ad

62 1809 166 1864 Fidem
189 1815 241 1862 aut
259 1806 461 1861 infidelitatem
477 1807 680 1874 poenantium:
710 1809 769 1862 imo
784 1823 918 1879 expresse
940 1813 1069 1874 testatum

65 1887 212 1959 quosdam
233 1885 464 1957 praedestinatos
488 1892 514 1939 et
536 1886 634 1940 fideles
652 1902 787 1956 peccasse
809 1887 977 1954 mortalitem
1000 1886 1069 1958 vig„

63 1967 228 2033 Davidem,
260 1981 323 2020 eum
352 1965 530 2036 perpetravit
559 1964 746 2032 adulterium,
778 1965 855 2040 quod
879 1966 958 2020 haud
981 1965 1070 2020 dubie

64 2054 221 2117 peceatum
243 2044 362 2098 mortale
384 2045 452 2110 init,
482 2051 513 2096 ut
535 2044 666 2099 docetS
689 2045 861 2100 Ambrosius
886 2043 1011 2100 libro2.
1035 2044 1070 2098 de

66 2127 184 2197 apolog.
208 2123 313 2177 David.
338 2139 400 2192 cap.
425 2083 469 2177 16.
493 2123 520 2177 6.
543 2123 671 2190 Petrum,
701 2139 766 2178 cum
791 2131 833 2178 ter
856 2123 1000 2178 Christum
1021 2138 1071 2178 ue-

65 2206 155 2278 gavit,
172 2205 203 2257 in
221 2219 278 2274 quo
293 2202 427 2272 peccavit
438 2203 606 2270 mortaliter,
623 2203 731 2257 testes.
744 2203 907 2274 Augustino
923 2208 1004 2256 tract.
1021 2201 1069 2258 66

66 2286 95 2338 in
121 2285 149 2338 S.
171 2283 259 2339 doen
281 2283 334 2337 ubl
356 2281 437 2348 dicit,
460 2281 546 2336 illum
566 2283 596 2336 in
617 2283 673 2336 1sta
690 2283 841 2354 negatione
863 2278 991 2337 timendo
1007 2297 1071 2336 cor

65 2365 150 2434 poris
169 2370 301 2430 mortem,
324 2363 437 2418 animae
458 2369 577 2416 mortem
599 2362 763 2417 incurrisse.

129 2442 156 2496 3.
195 2441 387 2496 Probatur2.
409 2456 445 2495 ex
465 2439 552 2494 Bulla
574 2441 620 2496 Pii
640 2441 676 2495 V.
697 2447 726 2495 et
747 2438 879 2511 Gregorii
891 2439 973 2496 XIII.
995 2453 1071 2508 quae

67 2537 121 2594 per
141 2520 296 2576 Urbanum
312 2521 391 2576 VIII.
414 2525 552 2576 renovate
573 2527 624 2586 ιιι,
646 2520 678 2574 in
700 2535 759 2590 qua
778 2518 915 2575 damoeta
935 2524 978 2572 est
998 2518 1070 2574 haee

67 2601 232 2672 propositio
192 2600 410 2656 tMieha’elis
431 2598 521 2670 Bajis
547 2600 657 2654 Nullam
685 2610 724 2654 est
745 2605 887 2668 peceatum
912 2615 944 2652 te
970 2605 1071 2656 notura

69 2698 121 2736 aaa
140 2681 254 2744 veniale,
277 2683 327 2736 eed
346 2697 422 2734 omne
442 2688 559 2732 meretur
574 2697 694 2750 poenam
714 2687 932 2733 aeternam..

132 2758 276 2814 Probatur
296 2761 324 2814 3
347 2775 383 2814 ex
399 2774 436 2814 eo
459 2758 548 2828 qnod,
573 2761 608 2813 si
618 2765 736 2828 peccata
757 2757 861 2812 omnin
873 2729 1071 2826 praedestinet

72 2847 164 2892 torum
187 2849 283 2894 essent
303 2839 448 2903 venialia,
471 2845 652 2908 sequeretur,-
672 2834 920 2906 praedestinatum
952 2837 1072 2910 gratiam

69 2917 290 2989 justificationis
311 2919 441 2972 amittere
458 2932 520 2972 non
542 2932 636 2988 posse,
659 2933 722 2972 eum
741 2931 800 2986 per·
814 2916 908 2972 selum
922 2919 1073 2986 peecatum

69 2999 193 3052 mortale
222 3001 390 3054 emittatur:
422 2996 500 3066 quad
532 3005 668 3066 tanquam
702 2990 806 3050 falsum
834 3002 873 3051 et.
895 2997 1071 3060 haereticum

70 3077 243 3132 damnatum
264 3085 308 3133 est
327 3078 357 3131 in
379 3077 511 3132 Ceneilio
535 3076 707 3132 Tridentino
726 3093 795 3132 sess.
802 3075 846 3130 Ι3.
869 3091 931 3130 ean.
953 3073 1001 3128 33

132 3156 278 3223 Quaeres,
308 3171 449 3228 quaenam
478 3156 516 3210 sit
543 3157 662 3226 propria
680 3163 719 3210 et
745 3155 875 3210 formalis
903 3153 991 3216 ratio,
1020 3166 1080 3222 per¹

67 3251 158 3332 quem
190 3244 341 3314 peoeatum
370 3235 494 3292 mortale
514 3251 532 3288 a
559 3235 669 3294 veniali
699 3235 819 3290 differat.
852 3228 1073 3300 Respondetur,

69 3317 169 3372 varios
192 3332 252 3372 esse
281 3331 369 3384 super
395 3314 456 3369 hac
477 3317 646 3385 quaestione
668 3313 881 3384 Theologorum
909 3310 1073 3366 sententiae.

73 3395 202 3461 Quidam
232 3395 310 3450 euim
341 3394 510 3450 existiment
536 3396 567 3449 in
596 3409 628 3448 eo
658 3391 786 3458 differre,
819 3388 903 3459 quod·
925 3396 1076 3462 peceatum

74 3475 197 3531 mortale
219 3475 260 3530 sit
280 3482 379 3529 eontra
399 3481 598 3544 praeceptum,
622 3471 742 3530 veniale
764 3484 845 3524 vero
861 3474 960 3522 oontre
982 3468 1077 3524 eonsi-

74 3553 158 3610 lium.
203 3555 283 3621 Alii,
311 3553 390 3624 quod
402 3555 531 3609 mortale
551 3553 591 3608 sit
610 3558 708 3607 eontra
731 3550 843 3620 legen,
872 3548 1000 3606 reniale
1007 3560 1076 3602 ιιιο

828 3619 914 3694 20*
