2384 3868
369 176 408 224 cn
431 177 636 224 amaneum
728 227 732 240 ,Ἴ
958 161 996 227 61
1074 175 1077 192 ·

55 299 130 350 larun
148 298 292 365 actionem3
320 295 411 368 itique
437 297 589 366 aptiatime
606 294 645 352 ad
666 294 876 368 outgnmtam
895 313 948 354 nna
968 299 1000 356 in

52 377 88 432 loo
110 377 271 432 sacramento
298 378 405 449 gratim
430 376 611 443 uberrimae,
634 376 693 432 imo
719 377 816 446 ipanrn
843 378 1000 449 gratiarnm

50 457 128 510 innon
145 457 171 510 in
190 456 271 512 nohis
292 457 420 526 recipere
435 463 463 512 et
475 468 528 526 per
540 455 617 513 idem
633 456 847 512 Sacramentum
861 459 1002 528 acceptio·

49 536 111 588 tinas
127 534 180 590 Deo
199 536 302 610 gratiae
321 552 417 606 posset
429 537 550 602 reterre,
579 540 610 590 ut
635 534 745 590 tticitnr
764 535 798 590 in
818 535 998 594 Catcchirmo

48 614 106 668 Rom.
122 622 185 684 part.
199 613 226 670 2.
247 630 309 685 cap.
324 615 354 670 t.
660 635 666 640 ·
715 641 718 649 Δ

88 694 140 748 Sive
157 695 240 766 igitur
259 694 470 760 Eucharistia,
481 694 543 750 atre
565 693 670 764 quonia
688 694 748 750 alio
769 695 887 751 nomina
901 711 938 752 aa
950 695 999 766 tir,

47 788 97 842 qnae
113 789 188 842 snpra
206 775 354 844 explicata
381 779 463 840 aunt,
496 773 676 844 appelletur,
705 773 881 846 intelligitur
900 775 999 831 Sacra·

45 859 139 906 uentum
163 852 247 921 illud,
276 852 359 924 qnod
387 867 404 905 a
432 852 546 910 Ghristo
574 852 698 910 Domino
725 855 756 908 in
779 854 878 910 Coena
894 855 1000 910 ultima

45 930 168 986 institutum
193 940 249 1000 cst,
277 933 310 988 in
341 947 401 1003 qno
426 931 481 988 sub
508 931 660 1000 speciebus
684 935 769 1002 panis
790 941 818 988 et
838 933 901 990 riui
921 948 997 1002 rere,

48 1011 130 1064 realiter
145 1027 174 1066 ac
193 1013 426 1068 substantialiter
446 1010 576 1082 ejnatlem
591 1011 699 1068 Christi
720 1027 823 1084 corpur
839 1019 867 1068 et
880 1015 998 1087 suumin

50 1090 180 1161 coronetur,
201 1100 232 1148 ut
252 1093 284 1148 iu
308 1091 422 1146 Concil.
438 1091 569 1148 Tridont.
590 1105 658 1148 atas.
676 1090 721 1146 13.
745 1107 808 1162 cap.
826 1091 838 1146 1
857 1100 886 1147 et
899 1091 927 1149 2.
950 1109 999 1150 ex.-

47 1169 268 1235 preasuletnitum
292 1177 354 1238 est,
383 1170 460 1241 quod
479 1171 596 1240 plenius
620 1169 765 1227 constabit
786 1186 822 1230 ex
842 1173 896 1239 iia,
925 1188 999 1243 quac

46 1251 297 1320 anteponenda
318 1258 397 1306 anot.
494 1297 497 1302 „
600 1275 603 1283 ¹
812 1273 815 1278 ·

337 1471 407 1540 Sl}
421 1471 449 1541 O
462 1473 490 1538 Τ
504 1471 523 1539 I
537 1471 567 1540 O
616 1471 661 1540 ΙΙ.

54 1595 80 1651 ln
93 1613 144 1670 nno
156 1603 285 1696 proprie
301 1601 466 1658 consistat
476 1599 707 1661 Eucharistiae
719 1597 981 1662 armamentum.

84 1725 103 1782 1.
128 1730 320 1802 §opponimus
340 1739 475 1802 tanquam
497 1737 606 1790 certum
623 1746 660 1786 ex
674 1731 763 1802 Fide,
784 1729 997 1792 cucharistiam

43 1819 84 1859 ose
104 1825 158 1866 rnre
183 1819 212 1866 et
236 1812 360 1882 proprie
388 1809 496 1866 dictum
518 1811 734 1866 Sacramentum
762 1811 917 1884 aUChristn
939 1814 997 1869 Dc-

43 1885 96 1940 nino
116 1888 290 1958 institutum,
318 1891 398 1962 quod
425 1891 526 1945 nullus
545 1891 665 1962 negavit
684 1891 915 1959 naereticorum,
946 1894 998 1963 qui

43 1963 183 2024 Sacramenta
201 1972 304 2040 aliqua
318 1984 421 2026 xnovoe
438 1970 514 2042 legis
535 1973 722 2041 agnoverunt
754 1970 792 2024 Et
805 1970 877 2028 haec
891 1973 997 2042 veritas

42 2057 79 2096 noo
99 2048 172 2103 nodo
196 2053 228 2104 in
257 2049 370 2105 Concil.
400 2048 530 2104 Trident.
559 2064 623 2118 sup.
649 2049 808 2106 aetatium
829 2051 859 2104 in
882 2051 994 2107 Coooil.

43 2121 140 2198 tumg.
156 2127 181 2184 3.
203 2145 267 2184 can.
282 2128 333 2184 29.
355 2131 387 2184 in
409 2131 495 2187 Ocno.
516 2129 611 2183 Later.
634 2143 697 2199 cap.
718 2131 852 2186 ttrmtnr,
866 2130 903 2184 de
922 2145 996 2186 aum.

42 2199 96 2256 lm.
114 2215 138 2260 et
154 2208 184 2262 in
204 2209 318 2264 concil.
340 2209 468 2264 Florent.
488 2209 521 2265 iu
543 2207 647 2264 tien-ret.
669 2209 741 2282 Eug.
764 2209 883 2264 definita
905 2219 956 2268 ert.

79 2283 126 2338 Hoc
145 2290 365 2360 praesupposito
386 2289 553 2360 quaeritur,
581 2289 612 2342 io
641 2303 698 2359 quo
722 2289 840 2358 proprie
862 2291 1000 2346 consistat

41 2357 77 2414 loc
96 2363 282 2424 Eucharistiae
314 2370 536 2423 Sacramentum.
579 2367 651 2422 Cum
678 2383 748 2422 vcro
772 2374 896 2438 quatuor
915 2384 998 2438 prae·

42 2441 109 2495 sertin
126 2445 153 2498 in
172 2447 225 2502 illo
246 2449 377 2518 spectari
393 2447 522 2516 possint:
546 2447 657 2502 scilicet
679 2448 870 2514 consecratio,
891 2461 998 2518 corpur

41 2525 59 2570 tt
73 2525 167 2594 sanguia
188 2529 314 2596 Christi,
334 2527 448 2598 species
468 2532 649 2582 consecratae
666 2533 695 2582 ot
712 2543 780 2582 nsua
794 2527 855 2581 sive
870 2529 996 2598 sumptio

41 2595 194 2674 tentamenti,
222 2623 260 2662 ex
284 2607 394 2678 qussrus
409 2607 534 2676 primum
555 2619 585 2661 et
605 2614 738 2677 quartum
759 2607 789 2660 in
812 2606 924 2662 actione
944 2605 999 2662 ali·
1083 2663 1084 2666 ,

41 2687 243 2744 pertranseunte
265 2687 444 2752 constarunt,
465 2685 623 2742 secundum
644 2701 714 2740 vero
735 2693 763 2740 ct
783 2687 901 2740 tertium
919 2687 950 2740 in
966 2701 997 2744 rc

40 2767 199 2820 remanente:
228 2766 369 2822 haeretici
389 2765 478 2836 hujus
499 2767 636 2836 temporis
658 2765 849 2832 contendunt,
870 2766 927 2820 hoc
947 2769 997 2822 Sa·

42 2847 178 2898 conantum
198 2859 257 2900 non
279 2845 311 2900 in
325 2861 354 2904 re
365 2855 571 2915 permanente,
594 2843 646 2898 sed
660 2847 691 2898 in
706 2846 819 2900 actione
833 2849 1001 2902 transeunte

42 2917 173 2990 connoterm
193 2923 335 2984 Calvinus
356 2924 473 2995 quidem
494 2927 526 2978 in
541 2925 604 2978 solo
616 2924 766 2980 illiorusu
780 2931 809 2978 ct
823 2927 996 2996 sumptione,

42 2990 167 3056 Kennitius
194 3012 290 3060 eutem
312 3014 371 3060 tum
392 3005 423 3058 in
445 3005 623 3074 sumptione,
652 3012 711 3060 tum
738 3004 825 3058 etiam
846 3003 876 3059 in
899 3019 997 3060 conse-

43 3077 139 3206 {sstlizttt
156 3084 263 3152 ipsius,
286 3091 318 3138 nt
338 3083 436 3138 videro
456 3091 559 3154 potest·
572 3083 651 3153 apori
671 3083 879 3140 Bellorminuru
899 3085 951 3140 lib.
969 3083 996 3138 t.

58 3166 69 3204 t
104 3159 155 3214 och.
496 3181 509 3192 ν
559 3161 562 3208 ζ
894 3191 897 3202 ‚

84 3232 144 3292 linio
162 3243 248 3298 errori
269 3243 404 3314 opposita
425 3249 467 3298 est
485 3242 649 3298 catholicae
668 3241 753 3298 Fidei
775 3244 897 3309 veritas,
923 3255 997 3312 quae

46 3305 117 3381 tonet,
140 3323 345 3378 sanctissimum
374 3319 573 3378 Eucharistiae
595 3323 808 3377 Sacramentum
836 3319 866 3376 in
891 3337 922 3376 re
943 3320 997 3374 cli-

47 3398 83 3453 llt
102 3403 267 3462 permanenti
295 3404 466 3474 consistere,
496 3409 526 3456 et
552 3402 594 3456 sic
622 3415 726 3470 corpus
743 3401 856 3456 *Christi
878 3399 995 3454 Domini

48 3477 89 3554 lttt
103 3477 179 3533 verba
199 3481 421 3540 consecrationis
439 3483 554 3552 prolata
575 3481 837 3536 realiterexistcna
861 3479 914 3534 sub
932 3493 995 3547 spe-

52 3547 207 3628 eleborante,
223 3577 282 3618 naec
295 3577 364 3620 vere
380 3570 409 3616 et
418 3562 536 3632 proprie
548 3561 770 3625 Sacramentum,
786 3559 846 3612 sive
856 3563 1005 3624 sumator,
