2282 3876
398 197 435 240 ιι
458 195 604 245 cussonis
692 217 695 226 ι
929 167 998 244 dii

17 318 120 390 quando
150 317 213 388 quis
241 317 278 372 ob
306 323 414 373 metum
441 317 570 386 aliquem
596 328 710 386 grauem
737 317 995 372 et·.cadentem·in

17 405 185 460 mrsttmtem
211 397 320 462 virum,
349 395 498 467 :eiusmodi
530 401 685 465 praecepto
716 409 784 451 noo·
806 397 994 466 obtemperat,

18 479 74 548 quic
95 474 140 548 (ut
160 475 332 542 Novanus,
344 477 461 542 fluores,
486 475 630 529 Filincins
650 482 680 530 et
699 474 753 528 alii
774 475 853 544 apud
873 475 996 532 Boudei-

16 573 70 610 nam
90 555 199 612 docent
217 571 265 626 qu.
280 554 308 610 Β.
328 561 430 626 punct.
445 553 488 627 b.)
516 552 666 610 Ecclesiae
691 558 846 624 praecepta
870 555 995 626 benigne

16 644 72 692 sont
91 635 274 704 accipienda,
295 650 351 706 nec
369 633 596 700 credibile'cst,
610 633 693 688 illam
715 648 780 688 cnm
802 640 881 688 tento
887 636 997 707 rigore

16 716 156 786 obligare·
154 709 248 770 ¹v'slle:
270 713 474 784 proindeque,
472 729 548 770 cum
568 713 736 785 hujusmodi
758 713 930 782 impotentia
947 714 995 768 vsi

15 802 105 852 metus
113 811 132 848 a
148 794 336 890 contumacis
359 800 521 859 excusetf
517 799 641 846 excusat
661 793 747 850 etiam
766 808 785 846 a
805 794 909 863 quavis
922 807 996 848 cco-

17 891 73 928 snra
89 871 296 930 incurrentia.
709 897 711 904 ·
949 895 951 906 »
987 897 989 906 ·
1082 877 1084 884 “

66 953 172 1022 Quarto
198 952 327 1024 deniquo
356 967 442 1006 causa
470 959 513 1006 est
540 951 686 1007 voluntas
703 959 730 1006 et
758 951 888 1006 intentio
902 951 994 1020 illins,

19 1033 44 1086 in
61 1033 138 1104 cujus
162 1034 291 1089 fororem
319 1032 378 1089 late
405 1038 447 1086 est
473 1047 598 1096 censura,
624 1031 740 1103 aliqua·
769 1047 797 1083 v.
817 1047 851 1102 g
876 1033 902 1085 si
930 1032 995 1102 quia
1059 1053 1062 1060 ·

18 1112 128 1168 creditor
164 1111 201 1166 ab
235 1111 430 1168 ecclesiastico
459 1109 561 1182 judico
589 1109 718 1165 obtineat
738 1107 916 1169 sententium
946 1126 996 1168 eu·

18 1191 275 1248 communicationis
303 1190 441 1246 adscensus
467 1189 613 1246 debitores
641 1203 725 1255 suos,
754 1189 812 1244 nisi
827 1190 927 1243 -intra'
944 1205 997 1244 ιιι

16 1286 112 1325 menses
123 1271 305 1337 'restitueutt
334 1278 470 1341 proroget
485 1283 559 1324 ,ιιιο
570 1273 680 1340 -postea
698 1269 795 1324 inscio
816 1268 881 1322 ille*
894 1268 996 1339 judice

15 1351 156 1404 terminum
179 1350 265 1403 illum
290 1364 380 1419 usque
409 1348 447 1402 ad
473 1361 596 1404 annum:
627 1346 772 1404 debitores
800 1348 848 1416 illi
876 1348 1010 1417 ιιοιιιιιιἱ

15 1437 69 1497 post
82 1445 190 1484 sunum
206 1429 336 1498 elapsum
350 1429 499 1482 incurrent
512 1426 849 1496 excommunicationem,
863 1435 895 1481 nt
909 1443 998 1497 supro
1065 1426 1072 1444 '

16 1510 83 1562 citati
102 1509 245 1580 Doctores
267 1513 398 1563 asserunt
418 1506 497 1579 apud
518 1506 641 1563 eundern
662 1507 838 1562 Bonscinem
861 1523 956 1576 supra.

388 1718 391 1724 ff
439 1661 477 1736 ι.
503 1647 557 1732 ιι·
592 1643 595 1668 ¹

16 1771 70 1832 Quis
94 1771 236 1826 absoluere
251 1748 350 1840 sossii
367 1789 384 1824 c
404 1764 531 1834 censura,
561 1775 586 1824 'et
613 1789 682 1841 quac
708 1763 883 1844 requirantur
903 1743 1004 1845 dim,

169 1855 200 1882 '³
264 1851 375 1904 sitiones
396 1852 423 1906 io
439 1868 492 1915 co
514 1851 560 1922 qui
575 1851 736 1904 obsoletior.

63 1980 86 2037 ι.
129 1985 162 2036 Α
182 1979 319 2048 censuris,
342 1995 415 2052 quoe
436 1945 546 2036 nemini
567 1985 757 2047 reservantur,
779 1945 931 2036 absolvere
945 1997 997 2051 po·

13 2070 58 2116 test
76 2061 207 2136 quilibet
217 2067 419 2195 (Γοιιιιιιιιι
415 2060 526 2135 babens
547 2057 721 2116 absolvendi
740 2075 765 2112 a
777 2061 904 2128 peccetis
921 2065 996 2116 moi·

12 2141 124 2210 talibus,
158 2149 189 2196 ut
237 2148 301 2197 ocet
327 2139 490 2207 Novanius,
520 2140 618 2207 Sotus,
639 2139 751 2194 sumes
779 2145 808 2194 et
836 2139 889 2192 alii
916 2139 999 2209 apud

11 2221 193 2284 Boncciuam
191 2236 251 2290 ιιι.
266 2219 293 2275 3.
309 2226 414 2291 punct.
432 2217 458 2274 i.
481 2235 498 2274 ι
519 2235 648 2276 censuris
670 2231 737 2274 vero
764 2219 918 2272 reservatis
946 2217 996 2276 ab
1007 2247 1010 2252 ·

11 2302 111 2358 solverc
133 2308 244 2372 potest,
266 2301 316 2370 qui
338 2313 384 2356 ιιι
405 2284 487 2366 tulit,
510 2299 557 2354 ιι1
579 2297 645 2369 ejus,
662 2299 794 2368 superior
815 2305 864 2352 eut
884 2305 996 2364 succes·
1088 2297 1092 2306 ’

11 2397 64 2448 sor,
91 2379 400 2452 autsdelegatusffli
429 2380 638 2448 extcommuui
669 2379 825 2434 Doctorum
855 2393 997 2432 consensu

11 2459 84 2516 docet
102 2460 185 2518 idem
205 2453 369 2526 Benacina,
396 2464 426 2514 et
442 2458 567 2520 babetur
587 2473 623 2512 ιι
643 2473 707 2527 ιιι.
729 2458 883 2526 Perpsma,
911 2463 947 2512 ιι
959 2473 997 2512 cx
1036 2510 1038 2516 ,

11 2554 66 2610 cap.
86 2540 175 2598 Sacro
198 2538 233 2594 de
254 2547 374 2606 sentent.
397 2553 536 2596 excomm.
585 2537 807 2607 imo-Episcopi
826 2553 854 2590 a
877 2535 998 2609 quibus·

13 2620 50 2672 vis
77 2619 194 2674 delictis
222 2633 363 2672 annexam
392 2633 541 2674 censuram
569 2617 665 2686 Pepae
693 2615 996 2687 reservatamhabqn-

14 2697 80 2755 tibus
101 2699 260 2756 absoluere
276 2705 405 2766 possum,
431 2695 587 2752 dummodo
611 2696 727 2751 delicta.
740 2697 799 2750 sint
820 2695 943 2762 occulta,
964 2692 997 2750 id

13 2784 123 2834 estnon
146 2778 205 2832 sint
223 2777 353 2850 publica,
377 2777 422 2832 vel
443 2777 567 2843 notoria,
590 2777 786 2841 cutvtamosa,
801 2789 857 2828 noc
871 2773 998 2840 deducta
1098 2824 1101 2828 .

14 2855 46 2908 ad
63 2859 158 2913 iorum
181 2858 399 2924 contentiosum,
409 2881 412 2900 τ
422 2863 454 2911 nt
472 2871 511 2910 ιιι
525 2855 671 2910 communi
685 2853 841 2909 Doctorum
856 2855 1000 2910 sententia

14 2933 88 2991 docet
108 2936 189 2992 idem
203 2937 367 2993 Bonacina
395 2937 456 3005 In
463 2935 586 2989 articulo
606 2949 674 2990 vero
695 2935 796 2988 mortis
817 2942 912 3004 potest
933 2935 997 3004 qui·
1020 2992 1026 3001 ,
1129 2982 1131 2990 ,

11 3015 77 3070 libet
97 3016 247 3083 Sacerdos,
264 3017 358 3072 etiam
378 3031 533 3093 suspensus
554 3021 583 3068 et
604 3012 785 3085 degradatus,
808 3012 997 3080 absolveres

12 3091 189 3164 quibuslibet
210 3095 348 3165 censuris,
370 3095 453 3154 utin
474 3099 597 3150 tractatu
619 3093 653 3147 do
675 3093 874 3148 Sacramentis
888 3107 951 3161 cap.
967 3092 995 3145 5.

12 3173 122 3230 dictum
139 3181 195 3230 est:
218 3189 283 3232 oum
303 3186 389 3235 onere
410 3181 516 3246 tamon,
536 3173 641 3242 utqui
662 3173 704 3226 sic
726 3171 876 3229 absolutus
898 3176 959 3236 est,
971 3169 997 3224 si

10 3255 168 3321 periculum
193 3255 314 3323 evadet,
343 3257 518 3325 superiorem
548 3252 632 3307 adeat
658 3257 830 3328 executurus
858 3249 891 3304 id
918 3240 996 3319 duod

10 3333 61 3388 sibi
81 3334 120 3388 ab
142 3349 176 3388 eo
195 3334 423 3404 praescribetur,
442 3341 484 3388 ut
510 3331 634 3388 babetur
654 3347 691 3386 cx
713 3345 775 3401 cap.
797 3328 855 3384 Eos
877 3328 913 3383 de
935 3343 999 3384 sea·-
1047 3321 1050 3332 '

13 3420 74 3467 tent
94 3427 237 3470 excomm.
259 3414 339 3470 ind.

63 3491 91 3546 2.
135 3492 183 3548 Ad
204 3494 416 3556 absolutionem
437 3499 531 3548 eutem
550 3509 569 3550 ι
589 3491 717 3546 censuris
739 3504 775 3542 ex
796 3494 877 3558 parto
901 3486 997 3544 absol
1055 3509 1058 3517 ·

11 3573 99 3627 ventis
119 3571 212 3633 nulle
234 3581 321 3631 certa
351 3572 503 3628 verborum
536 3573 637 3636 forma
658 3569 840 3634 necessaria
836 3574 927 3636 est;
945 3565 996 3622 se'd

981 3655 988 3692 t
