2348 3868
413 169 451 216 nr
465 172 677 218 ronnrrrnru.
971 155 1028 224 161

68 287 158 344 Poenit.
177 305 238 360 eap.
261 289 305 345 ii.
328 291 503 351 attritionem
530 292 614 346 illam
636 307 673 348 ox
692 299 770 358 metu
798 291 944 364 gehennae
965 309 1033 352 oon·

66 374 157 439 neptam
176 385 230 424 non
250 385 333 440 posse
354 371 530 426 autdoienter
549 371 588 426 ad
606 371 803 427 Poenitentire
818 374 1032 431 Saoramentnm

67 447 206 518 disponere,
228 465 261 504 eo
282 449 360 520 qnod
381 452 418 504 sit
431 451 537 505 vitiosa
558 456 586 506 et
605 452 692 517 maia,
714 467 780 508 oum
799 467 857 506 non
878 467 916 508 ex
936 470 1032 511 rmore

66 527 122 596 Dei,
145 528 247 582 sodex
274 543 368 585 amore
388 531 432 586 sut
455 531 572 585 oriatur.
615 531 700 586 Unde
721 531 887 586 Kemnitius
912 535 946 588 in
965 550 1032 590 exa·

65 609 126 662 nine
143 608 264 662 concilii
292 609 371 664 Trid.
400 625 486 679 super
514 625 583 668 sesa.
605 608 651 663 tt.
680 612 856 666 attritionem
883 613 967 668 iilam
995 630 1033 670 ex

65 695 124 740 netu
142 688 281 759 gehennae
301 698 470 758 *conceptam
492 697 577 744 vooat
596 689 691 744 dudae
712 691 930 759 poenitentiam.

109 765 143 821 Ut
160 768 262 822 elarius
283 776 311 824 et
331 769 479 823 eifloaoius
500 769 571 823 haee
592 767 717 840 objectio
738 770 880 838 solvatur,
909 779 937 826 et
958 771 1031 827 Hae-

65 845 190 900 retieornm
211 863 290 902 error
310 848 472 914 refellatur,
502 847 715 903 observandum
743 847 787 904 es‘t
811 848 1033 922 quadruplicem

68 923 168 980 timorem
188 927 376 998 a'l'lreologis
398 928 548 998 assignari.
583 927 696 982 Primus
711 935 754 982 est
774 929 860 984 timor
880 931 1031 998 naturalis,

70 1017 112 1072 quo
126 1009 284 1063 naturaliter
303 1007 390 1064 homo
419 1007 525 1077 refugit
551 1007 659 1061 malum
686 1015 806 1061 naturae
831 1023 899 1064 suae
920 1019 1031 1066 eontra-

68 1082 252 1154 inmeritis
281 1087 368 1141 timor
395 1101 432 1141 ex
457 1101 603 1157 seneque
629 1086 722 1140 bonus
750 1101 843 1157 neque
863 1089 957 1143 malus
978 1097 1029 1145 ast.

65 1159 184 1220 isernias
204 1169 293 1223 timor
313 1175 356 1221 est
376 1165 549 1233 mundanus,
571 1181 627 1236 qno
650 1167 717 1236 quis
735 1165 902 1221 inordinate
923 1175 1032 1237 tempo-

64 1241 119 1295 rrlia
134 1247 205 1300 maia
225 1247 317 1312 timet,
339 1244 412 1301 adeo
433 1251 464 1300 ut
486 1245 522 1299 ad
547 1245 601 1298 illa
622 1243 780 1300 deuitanda
800 1245 832 1299 in
854 1245 945 1302 Deum
967 1261 1033 1316 pee-

65 1333 112 1373 ore
128 1339 178 1379 non
198 1332 352 1380 vereatur:
384 1332 413 1379 et
432 1324 482 1378 hio
504 1325 589 1378 timor
610 1325 703 1380 malus
731 1332 774 1379 est
793 1332 878 1396 atque
899 1326 1032 1394 vitiosus,

68 1399 180 1473 illumque
200 1407 227 1460 S.
251 1405 379 1460 Basilius
401 1403 626 1458 hostilens‘vooat
646 1404 678 1458 iu
699 1403 746 1458 Ps.
768 1403 815 1459 33.
855 1405 969 1460 Tertius
991 1413 1034 1461 ert

66 1478 127 1534 tium
149 1485 247 1540 filialis
277 1501 312 1540 ex
340 1484 459 1541 caritate
489 1483 617 1553 pertenta
633 1480 788 1555 'originem
820 1483 942 1552 ducens,
975 1499 1032 1556 quo

62 1554 133 1626 justus
158 1579 319 1634 supremam
342 1563 397 1616 Dei
417 1560 595 1632 majestatem
622 1577 688 1618 oum
715 1563 793 1618 omni
815 1563 978 1620 humilitate
998 1579 1033 1619 ao

64 1639 136 1695 cordis
154 1640 307 1699 devotione
325 1649 483 1709 reveretur,
505 1647 533 1696 et
553 1641 608 1696 hoo
622 1643 790 1714 praesertim
812 1646 922 1712 metuit,
945 1659 981 1699 ne
1002 1646 1035 1698 io

63 1716 166 1789 tliquam
185 1722 249 1795 ejus
268 1723 403 1778 offensam
417 1721 557 1788 incurrat,
578 1722 683 1792 illique
705 1723 908 1792 quovismodo
929 1723 1035 1796 displi-

63 1805 117 1864 teat,
135 1809 180 1856 ant
200 1802 238 1856 ab
260 1817 294 1856 eo
305 1815 360 1871 per
373 1809 522 1871 petentum
544 1809 710 1870 separetur:
744 1808 772 1855 et
792 1801 840 1856 hio
861 1805 947 1858 timor
966 1819 1034 1874 pro·

61 1875 124 1941 prim
142 1889 180 1935 est
194 1882 375 1948 Sanctorum,
398 1880 491 1952 deque
511 1880 566 1935 illo
586 1879 663 1934 dixit
677 1880 786 1934 Psaltes
807 1883 912 1953 regius,
934 1883 979 1936 Ps.
1003 1881 1031 1937 3.

63 1953 142 2012 Timete
165 1960 309 2015 Dominam
339 1977 429 2014 omnen
450 1959 545 2014 Sancti
571 1961 637 2028 ejas.
680 1959 805 2026 Quartus
836 1960 961 2032 deniqne
989 1968 1033 2016 eat

62 2033 128 2090 timor
146 2041 276 2110 servitis,
301 2055 358 2111 quo
380 2037 521 2102 videlieet
540 2046 675 2110 peoeator
696 2039 788 2093 Deum
810 2041 1034 2095 comminantem

62 2120 82 2165 tt
96 2119 253 2184 punientem
274 2121 314 2172 ita
334 2121 426 2188 timet,
447 2128 479 2172 ut
500 2119 611 2175 ratione
632 2119 744 2173 timoris
765 2118 848 2173 illius
869 2127 896 2174 et
915 2126 1035 2191 propter

64 2205 162 2258 poenam
182 2198 366 2265 evitandam,
394 2213 480 2270 quam
502 2205 570 2253 tuno
590 2213 661 2268 prae
683 2197 776 2252 oeulis
795 2198 897 2266 hebet,
917 2205 1037 2270 peooata

63 2275 190 2334 commissa
204 2284 359 2344 aversetur,
381 2286 410 2332 et
429 2276 467 2331 ab
488 2278 551 2333 illis
570 2277 744 2332 infuturum
766 2293 867 2332 cavere
881 2286 1034 2350 proponat.

105 2352 151 2409 Idst
168 2365 264 2412 antem
284 2359 315 2412 in
337 2358 482 2424 oonteaso,
513 2357 640 2412 dolorem
669 2356 704 2411 de
728 2364 846 2426 peccato
873 2373 911 2412 ex
931 2359 1035 2412 timore

64 2433 185 2490 mundano
205 2439 254 2494 vel
274 2437 402 2491 naturali
424 2443 517 2493 ortum
545 2452 605 2491 esse
630 2437 839 2504 suideientem3
875 2451 913 2490 ex
933 2437 1034 2492 timore

63 2523 115 2564 rere
130 2515 211 2572 iiliali
239 2517 380 2586 optimum
404 2522 432 2569 et
453 2515 688 2583 saluberrimum,
719 2531 783 2571 cum
812 2515 849 2570 ad
875 2517 1034 2586 perfectam

62 2590 184 2649 toritatem
201 2597 357 2666 pertineat.
400 2595 474 2649 'Pota
500 2596 590 2667 igitur
617 2595 774 2650 difficultas
803 2602 846 2649 est
875 2595 915 2652 de
931 2596 1035 2651 timore

63 2671 143 2726 servili
170 2671 217 2744 (ut
248 2674 382 2729 observat
408 2673 603 2729 Bellurminua
632 2671 747 2745 supra),
778 2690 864 2745 quem
890 2675 1035 2730 Haeretici

63 2751 216 2809 oontendunt
237 2771 298 2810 ease
312 2755 422 2808 malum
439 2769 472 2808 ao
493 2754 641 2820 vitiosum,
662 2753 842 2825 proindeque
857 2755 1035 2811 insufficien-

68 2828 112 2879 tem
134 2831 165 2884 ad
194 2849 293 2889 veram
319 2835 548 2902 poenitentiam
583 2849 635 2887 nos
663 2850 680 2888 e
706 2835 849 2889 contrario
881 2837 1035 2892 asserimus

67 2907 230 2968 essebonum
252 2920 280 2967 at
300 2914 410 2979 utilem,
431 2911 612 2982 proindeque
637 2913 812 2970 attritionem
833 2929 870 2968 ex
891 2913 954 2986 ejus
973 2929 1034 2969 mo·

63 2981 113 3038 tivo
131 2990 250 3046 elioItam
271 3007 332 3046 esse
353 2993 542 3046 suidoientem
568 2991 788 3062 dispositionem
809 2993 847 3048 ad
869 2995 1034 3050 Sacramen-

65 3065 112 3117 tum
129 3067 320 3125 Poenitentiae
342 3071 439 3126 debite
460 3087 494 3125 ao
514 3072 658 3126 fructuose
680 3073 889 3146 recipiendum.

112 3144 135 3197 4.
166 3149 307 3206 Probatur
318 3151 390 3205 haee
403 3152 509 3205 veritas
533 3149 558 3205 t.
582 3165 619 3205 ex
636 3152 792 3222 Scriptura,
815 3167 888 3224 quae
901 3152 1033 3205 innume·

67 3219 97 3272 iit
119 3240 202 3297 prope
228 3231 301 3284 loeis
331 3231 461 3284 timorem
490 3229 638 3285 vindictae
671 3231 788 3286 divinae
817 3247 850 3286 ae
877 3245 1034 3302 poenorum

69 3305 221 3364 aeternarum
241 3310 359 3380 ingerit,
388 3316 415 3363 et
437 3309 474 3364 ad
495 3310 581 3364 iilum
601 3319 764 3380 peccatores
785 3312 967 3366 vehementer
988 3325 1036 3364 ex-

70 3377 136 3434 titat:
168 3390 237 3457 quin
269 3396 298 3443 et
324 3389 445 3458 ipsemet
473 3389 603 3444 Christus
631 3389 771 3444 Dominus
799 3391 827 3444 S.
855 3390 957 3444 Matth.
989 3387 1034 3442 to,

73 3452 145 3528 Nolite,
166 3466 268 3537 inquit,
290 3470 382 3522 timere
404 3485 456 3532 eos,
479 3470 525 3539 qui
545 3469 669 3522 occidunt
690 3485 785 3537 corpor
806 3477 854 3522 ete.
878 3465 929 3540 (en
949 3468 1036 3521 timor

75 3541 220 3615 nonianus,
242 3563 327 3618 quem
341 3542 509 3618 reprobati)
530 3550 579 3602 sed
586 3550 680 3618 potius
694 3549 780 3602 timete
795 3563 860 3610 enm,
883 3547 930 3616 qui
941 3553 1033 3615 potest

92 3630 168 3692 body,
182 3642 276 3686 medulla
290 3641 422 3696 tisstogtra.
451 3641 479 3688 11.
834 3623 870 3684 11
