2356 3870
321 154 358 199 ue
378 148 526 200 neeeunou
545 152 735 202 carcereum.
979 136 1042 204 eet

86 277 251 331 Caeterum
270 287 483 345 per-quomam
505 281 585 330 actua
599 275 685 330 homo
706 268 949 346 ipeiue'eerltatie
971 283 1039 350 'aug-

23 363 161 410 mentum
179 355 340 423 promereri
354 355 454 424 percit,
470 366 528 408 unu
542 355 630 424 plane
644 363 758 410 euertat
769 355 846 409 iuter
857 355 1038 428 Theolugoe3

22 433 151 506 quidam
175 435 259 488 cuim
280 435 456 499 existiment,
478 434 596 489 neaniai
617 449 670 503 per
691 442 772 489 actua
790 435 855 504 ipen
869 436 973 492 habitu
993 437 1039 491 iu·

20 517 176 569 tenuiores
200 515 265 566 deri
285 527 381 582 posuer
401 513 454 566 elii
475 513 572 578 etiem,
593 527 646 582 per
667 519 748 569 ectue
765 512 926 584 aequaliter
944 517 1042 570 inten-

19 607 78 658 ιιι,
107 595 174 648 imo
191 589 311 662 quidem
326 600 466 662 uenerunt,
488 593 634 648 hominem
653 593 684 646 in
705 593 824 647 ueritate
838 590 1044 662 constitutum,¹

18 689 73 743 per
100 681 192 728 ectus
207 687 322 742 quoque
336 673 459 726 alierum
474 672 786 744 virtutum-promereri
803 685 889 742 poree
903 681 1043 744 engilrau-¹

17 760 85 808 tum
108 753 211 822 ipeiue
233 751 381 808 caritatis:
414 750 493 821 qnod
512 753 588 806 iuter
615 752 690 806 aliut
713 749 798 808 dccet
819 753 846 808 S.
868 752 1039 808 Franeiecue

17 833 162 890 Salonine
179 829 345 900 Episcopum
360 829 559 891 Gehenneueie
579 829 632 888 lib.
651 829 679 888 3.
695 830 731 886 de
746 846 843 886 amore
859 832 913 888 Dei
929 848 992 902 cap.
1007 831 1037 888 2.

16 911 199 982 probatque
227 925 266 964 ex
293 925 360 968 can.
378 909 426 967 24.
456 925 525 970 eene.
553 907 582 964 Β.
624 909 752 966 Concilii
772 911 954 977 Tridentini,
984 911 1036 969 ubi

17 990 189 1046 indefinito
209 999 238 1044 et
253 990 315 1045 siue
330 989 393 1044 ulla
406 989 577 1058 exceptione
592 987 709 1058 dicitur,
726 989 873 1060 juetitiem
889 1001 1038 1062 acceptam

18 1070 135 1140 augeri
159 1083 215 1138 per
243 1068 322 1124 boun
347 1083 457 1138 opem
487 1069 535 1122 udi
560 1067 672 1138 (inquit
692 1069 744 1124 illa
766 1085 802 1124 ex
823 1071 850 1124 S.
873 1069 1042 1141 Beruerdut

16 1150 96 1202 nlla
116 1149 268 1218 «sepum,
293 1149 363 1208 nihil
383 1149 601 1216 dittinomdnm
621 1157 670 1204 ert.
753 1188 755 1196 .

87 1228 236 1294 Quamvis
257 1236 352 1282 autem
365 1235 484 1297 propter
504 1229 578 1282 tanti
599 1227 656 1284 viri
677 1227 879 1285 authoritatem
895 1234 923 1282 et
936 1229 1035 1297 plnres

20 1308 160 1377 optimae
182 1307 318 1373 rationee,
341 1321 415 1377 ques
434 1305 544 1362 ibidem
566 1307 685 1376 profert,
707 1306 779 1361 heen
800 1306 903 1362 ultime
923 1313 1036 1362 ceuton-

19 1387 64 1442 tia
88 1385 337 1456 probabilissime
353 1386 455 1442 merito
474 1385 617 1452 videatur,
641 1385 814 1442 tutineimum
828 1393 923 1440 tamen
944 1394 988 1440 eet
1008 1393 1038 1442 et

20 1466 283 1522 consultissimum
304 1465 476 1535 uuicuique,
506 1471 585 1520 actua
607 1480 693 1536 quam
714 1465 939 1534 perfectissimos
961 1467 1035 1519 curi-

21 1547 94 1599 tetie
120 1543 226 1598 crebro
249 1541 375 1610 elicere,
390 1552 419 1598 ct
439 1545 498 1598 aliu
517 1545 635 1613 pietatis
657 1559 745 1612 opere
766 1560 803 1598 ex
824 1541 954 1614 ejusdem
975 1546 1034 1598 vir·

22 1626 98 1678 tutis
133 1622 260 1688 motivo,
295 1639 361 1677 cum
391 1624 502 1694 ingenti
533 1625 624 1676 enimi
656 1621 757 1678 effectu
789 1621 968 1699 producere3
1001 1639 1035 1679 ea

23 1702 183 1774 siquidem
204 1702 315 1756 ratione
334 1719 392 1757 nou
407 1709 590 1774 augmentum
606 1701 701 1770 modo,
724 1703 775 1756 sed
796 1701 943 1758 cumulum
959 1703 1035 1758 divi-

21 1799 79 1838 uac
106 1782 194 1836 illiue
215 1783 333 1835 virtutis
354 1777 493 1851 accipere
507 1781 671 1838 merebitur.

84 1857 119 1918 6
157 1859 248 1930 Ροιιο
270 1861 434 1916 thesaurum
456 1861 527 1914 adeo
548 1862 705 1929 pretiosum
727 1863 814 1916 unico
836 1863 951 1918 mortali
965 1877 1034 1931 pec-

22 1951 90 1997 cato
117 1949 210 1995 totum
233 1939 363 2009 deperdi,
385 1956 421 1996 ex
442 1938 513 1995 uide
536 1949 644 1997 certum
665 1947 708 1994 eet
727 1949 753 1995 et
776 1958 793 1995 a
815 1941 946 1996 Concilio
969 1939 1034 1995 Tri-

25 2022 154 2076 dentino
178 2017 327 2074 delinitum
350 2035 417 2074 aeas.
441 2019 468 2074 6.
491 2035 552 2089 cap.
578 2017 623 2074 15.
646 2021 720 2074 sicut
741 2036 756 2074 e
778 2025 877 2074 contra
898 2037 949 2088 per
967 2027 1034 2090 'pee-

25 2111 94 2155 cata
119 2098 247 2153 venialia
275 2099 424 2154 ceritatem
452 2115 509 2153 non
532 2101 626 2152 emitti
653 2098 815 2156 declaretur
843 2098 943 2152 eedem
965 2115 1032 2152 sess.

24 2197 94 2251 cep.
124 2177 170 2231 ii.
191 2178 242 2230 ubi
272 2192 406 2247 expresse
436 2177 543 2232 dicitur
555 2179 646 2247 juetee
674 2173 855 2248 qnantumaie'
872 2179 899 2230 t'n
915 2188 1032 2246 peccata

26 2259 155 2313 venialia
177 2257 335 2328 quandoque
350 2260 463 2325 cedent„
479 2275 532 2310 aon
548 2266 696 2327 propterea
711 2257 832 2310 desinere
854 2274 911 2310 eece
925 2257 1038 2325 juttae:-

26 2356 63 2392 ex
88 2337 198 2408 quibua
221 2335 318 2390 verbis
341 2345 414 2391 recte
436 2337 585 2408 colligitur
611 2351 667 2392 nou
691 2336 776 2390 modo
804 2332 952 2391 caritatem
974 2345 1038 2390 non¹

26 2417 142 2482 emitti,
173 2415 222 2469 sed
245 2429 280 2470 ne
302 2417 419 2488 quidem
449 2415 542 2470 minui
569 2431 620 2485 per
646 2415 793 2486 quaelibet
813 2423 932 2484 peccata
953 2415 1034 2468 veni·

26 2499 112 2560 alie3
145 2494 224 2563 quod
246 2497 332 2548 ctiam
354 2495 438 2550 docet
459 2496 485 2552 S.
509 2494 633 2550 'rhomae
660 2510 707 2566 qn.
730 2495 777 2548 24.
800 2511 824 2547 e.
850 2492 895 2547 10.
918 2501 1032 2547 etcum

26 2593 63 2631 oo
98 2575 290 2629 communiter
322 2589 439 2637 omuea3
472 2575 497 2628 si
529 2574 605 2629 enim
638 2575 742 2628 caritas
774 2574 1034 2644 minueretur'per

26 2661 183 2726 peceatum
204 2654 329 2721 veniale,
350 2663 526 2724 sequeretur,
550 2651 628 2724 quod
649 2654 802 2722 perplura
825 2652 951 2707 venialia
972 2659 1035 2706 tau'-
1083 2665 1084 2670 ’

14 2733 99 2787 ‘dem
113 2733 231 2787 omnino
246 2735 443 2790 amitteretur:
478 2747 562 2787 omne
579 2732 723 2802 siquidem
738 2733 863 2796 finitum,
885 2731 1033 2788 ablatione

30 2814 149 2891 saepius
171 2813 275 2866 iterate
294 2811 420 2883 alicujus
443 2813 535 2879 liniti,
559 2812 675 2866 taudem
698 2812 885 2865 consumitur.

99 2879 178 2956 ouon
200 2893 333 2984 quemvis
356 2894 396 2945 ita
416 2907 445 2945 ee
466 2891 581 2955 hebeat,
603 2890 752 2946 fatendum
769 2899 812 2944 eet
832 2897 937 2956 tamen,
960 2892 1034 2945 ceri·

31 2970 103 3024 tatis
124 2971 265 3025 fervorem
288 2971 380 3026 minui
400 2986 452 3040 per
472 2979 593 3042 paccata
619 2971 767 3036 venialia3
800 2985 874 3040 quae
895 2971 965 3026 licet
986 2986 1032 3024 ca-

30 3051 111 3104 ritati
133 3052 280 3104 contrarie
309 3052 459 3115 uon-aiut,
489 3049 560 3120 ejua„
580 3059 675 3104 tamen
703 3051 919 3118 operationibue
942 3063 1033 3117 appu·

32 3137 154 3198 duntur,
183 3143 349 3199 pravosque
369 3131 512 3198 paulatim
539 3129 655 3183 habitus
676 3131 707 3183 in
732 3130 830 3182 enimc
850 3131 1031 3197 ingenerant,

34 3209 139 3278 quibua
169 3207 209 3262 ad
236 3209 349 3280 majore
369 3215 396 3263 et
417 3209 505 3264 etiem
533 3208 667 3262 mortalia
693 3205 1034 3278 peccataperpetrende

38 3287 213 3358 dieponitur.

91 3369 215 3423 Sextum
237 3365 439 3435 deniqueret,
466 3366 531 3420 dari
552 3366 679 3434 speciale
699 3371 885 3434 praeceptum
907 3363 943 3418 de
965 3361 1037 3416 ditia

35 3447 123 3516 gendo
148 3449 226 3511 Deo,
256 3459 315 3500 uun
336 3439 430 3500 cultim
451 3447 631 3518 negativum,
661 3458 719 3514 qun
740 3442 928 3512 prohibeatur
948 3442 1036 3513 quid-

35 3528 103 3595 quid
122 3535 228 3583 euntru
250 3525 438 3583 dilectionem
457 3525 506 3578 illi
527 3525 655 3580 debltam
681 3522 823 3582 committi
843 3525 951 3591 potest,
980 3521 1034 3580 eed
