2316 3866
148 135 213 204 370
450 143 488 196 ut
508 147 655 194 oucnuoer
675 133 863 194 autumaris.

147 277 240 332 ullius
262 273 370 346 gratiae
391 279 439 326 aut
460 271 563 326 reniae
585 271 772 342 recipiendae
793 284 921 342 capaces,
941 271 1033 342 ‘neque
1050 272 1117 325 edan

150 353 320 430 prebeatis
342 358 391 405 ant
418 366 472 421 pro
494 351 605 405 Sanctis
628 353 659 404 iu
680 351 767 405 coelo'
790 351 974 421 degentibus,
1003 365 1059 404 cunr
1075 351 1118 402 siut

48 427 55 438 ⁴
146 435 184 490 in
200 434 321 490 termino
337 431 456 503 gloriae,
480 442 572 502 neque
588 430 713 501 amplius
735 429 754 483 a‘
772 431 857 496 uobis
873 430 973 501 juvari
986 429 1117 502 indigeant.

150 511 239 571 Unde
259 509 338 566 iliud
358 510 387 566 S.
409 509 578 582 Augustini,
607 509 734 578 injuriam
761 511 836 580 suct't
862 512 986 580 martyri,
1014 512 1054 580 qui
1074 518 1118 562 erut

76 621 79 626 ¹
147 611 204 668 pro
224 601 363 662 ’κατέγνω
394 589 472 660 quod
487 597 580 644 tamen
604 603 660 643 uon
677 588 779 658 obstat,
802 591 872 660 quin
889 589 923 646 dc
945 589 1054 644 illorum
1070 588 1118 642 ieli-

154 676 242 730 citate
263 678 292 724 et
311 671 357 724 de*
375 669 508 724 omnibus
536 668 621 723 donis
649 669 758 739 gratiae
782 674 810 722 et
831 669 955 740 gloriae,
984 668 1116 738 quaeipsis

154 753 262 808 collate
282 757 361 815 sunt,
384 747 474 802 Deum
495 747 616 802 laudare
637 754 666 801 ct
685 748 744 817 ipsi
764 749 871 819 gratias
892 763 976 820 agere
996 747 1114 816 possimus,

154 836 214 888 imo
236 837 264 884 ct
284 829 370 883 etiarn
390 827 547 897 postulare,
569 834 602 881 ut
622 825 661 881 ad
680 826 818 898 majorem
839 829 932 898 ipsius
955 828 1008 882 Dei
1027 827 1115 898 glorian

154 925 253 967 eorum
280 907 416 962 sanctitas
445 906 536 977 magis
564 905 739 973 innotescat,
768 921 824 976 quo
852 908 951 976 plures
980 907 1115 969 excitentur,

153 1003 251 1046 eorum
272 987 511 1040 intercessionem
529 995 662 1056 expetere
683 992 710 1041 et
731 987 852 1040 virtutos
872 987 990 1040 imitari.
1016 1005 1020 1011 <

216 1066 369 1134 Quaeritur
390 1065 418 1120 d.
440 1065 585 1136 quomodo
607 1065 815 1119 alterandum.
1139 1107 1140 1110 ,

159 1167 163 1172 ·
213 1144 430 1216 Respondetur,
461 1145 534 1201 duas
560 1144 728 1215 praesertim
757 1143 939 1200 conditiones
964 1145 994 1198 in
1021 1143 1140 1198 eratiousr

143 1226 281 1298 requiri,
303 1226 487 1280 attentionem
513 1225 626 1278 scilicet
646 1231 674 1278 et
695 1224 899 1291 devotionem
932 1240 968 1279 ac
987 1223 1017 1276 in
1035 1222 1118 1293 prinis.

154 1303 234 1380 quod
249 1306 368 1360 attentio
385 1304 555 1375 requiratur,
573 1303 656 1358 docet
670 1304 704 1358 D.
718 1304 843 1358 Thomas
858 1304 963 1359 citatae
979 1311 1074 1374 quaest
1086 1299 1117 1354 83.

152 1391 206 1442 art.
230 1381 276 1440 ts.
297 1391 325 1438 ct
346 1395 410 1437 curn
432 1398 465 1438 eo
487 1382 646 1454 Theologi,
668 1383 710 1436 ita
729 1385 866 1438 nimirum
889 1391 919 1437 nt
941 1384 1026 1437 initio
1045 1382 1118 1436 saltru

154 1465 293 1522 erationis
312 1464 354 1529 is,
385 1464 532 1534 quierat,
560 1461 667 1517 lrabeat
693 1461 723 1516 iu
751 1463 847 1518 animo
876 1463 1022 1517 attendero
1042 1457 1118 1516 velud

154 1543 262 1610 Deum,
292 1557 376 1612 quem
397 1549 475 1608 orat,
504 1541 551 1594 vel
572 1541 611 1595 ad
630 1542 724 1611 ipsius
746 1543 884 1596 orationis
906 1557 1035 1607 sensum,
1060 1547 1083 1594 et
1096 1536 1141 1602 ad}

153 1621 253 1690 verba,
276 1621 300 1675 ai
321 1621 460 1675 vocaliter
481 1625 552 1687 orat,
574 1633 667 1691 neque
684 1619 714 1674 id
732 1622 822 1676 animi
836 1623 1017 1692 propositum
1036 1621 1062 1674 in
1079 1631 1120 1672 ort·

154 1699 243 1755 tionis
264 1713 417 1770 progressu
437 1705 540 1765 mutet,
569 1707 620 1754 aut
639 1701 701 1754 nllo
723 1700 809 1754 mod'o
830 1707 954 1756 mentem
977 1701 1013 1754 ad
1033 1697 1120 1770 quaeris

156 1777 217 1834 alla
230 1774 393 1833 voluntarie
408 1783 565 1848 convertat,
588 1793 661 1850 quae
679 1773 864 1834 attentionem
878 1780 1023 1850 impedire
1036 1781 1119 1850 queant.

154 1856 241 1914 Unde
263 1855 291 1912 S.
313 1856 476 1926 Cyprianus
499 1872 582 1914 serm.
604 1858 640 1914 de
662 1865 732 1916 orat.
755 1859 837 1914 Dorn.
862 1859 927 1914 cam
950 1868 1071 1924 astaram,
1093 1857 1122 1909 iu·

156 1937 229 2008 quit,
252 1937 289 1990 ad
310 1935 464 2003 orationem,
487 1939 602 2007 ospitare
624 1948 651 1994 et
670 1939 819 1994 incumbere
834 1941 871 1994 cd
886 1957 987 2010 precer
1001 1949 1050 1993 toto
1066 1933 1120 1990 corde

153 2015 300 2072 debemus:
330 2017 457 2099 copitotjo
478 2024 540 2072 tunc
560 2020 646 2072 omnia
659 2019 779 2073 earnalia
800 2029 825 2072 ct
844 2020 998 2074 saecularia
1017 2017 1119 2074 attolat

154 2095 370 2170 necquidquam
391 2107 453 2150 tuac
469 2099 582 2160 animoa,
604 2115 684 2170 quum
705 2100 735 2152 id
754 2099 845 2162 colom,
869 2100 975 2167 copim,
998 2099 1062 2170 qaod
1073 2093 1142 2165 pre*

153 2186 241 2232 cetur.
279 2177 353 2239 Quae
375 2186 463 2230 cotem
483 2173 600 2247 sepnitic
621 2187 667 2242 eat,
690 2179 808 2231 eltcccrr‘
827 2187 853 2232 et
873 2180 936 2248 capi
958 2179 1051 2248 irreptio
1069 2174 1121 2243 copi-

153 2255 301 2309 tutiom‘boc
329 2265 354 2308 et
377 2257 519 2326 profanis,
552 2273 610 2310 cum
637 2255 781 2310 Dominum
810 2259 979 2328 deprecaris,
1012 2257 1080 2330 quoti
1099 2253 1121 2305 etl

152 2333 242 2399 eliud,
273 2337 452 2405 pirodmupt's
472 2337 571 2390 debeor
592 2337 724 2406 capitose,
755 2355 834 2408 quum
860 2339 930 2408 qood
952 2355 1010 2392 cren
1028 2338 1079 2390 Deo
1094 2333 1122 2384 le

151 2415 268 2485 poeria?
297 2411 336 2466 Ei
363 2416 492 2485 quomodo
519 2423 545 2468 te
566 2433 584 2469 c
605 2415 664 2470 Deo
685 2417 778 2470 audiri
799 2418 937 2487 postulas,
967 2435 1024 2471 cum
1043 2425 1065 2470 tc
1080 2415 1122 2483 ipit

151 2510 205 2546 corr
235 2493 357 2547 cadius?
389 2493 434 2547 Vis
462 2510 519 2549 ctae
540 2493 627 2548 Deum
653 2513 793 2550 memorem
819 2499 875 2561 tart,=
900 2497 1009 2568 quando
1035 2506 1060 2549 ta
1080 2495 1121 2561 itte

153 2589 256 2628 memor
277 2574 317 2626 toi
336 2590 389 2626 noa
410 2573 472 2626 aiat

214 2651 337 2707 Devotio
359 2653 445 2706 etiarn
467 2653 632 2724 requiritur,
655 2662 687 2708 ut
707 2655 819 2711 scilicet
839 2655 930 2710 oratio
953 2671 991 2710 ex
1010 2656 1055 2726 pio
1073 2664 1122 2721 quo

154 2729 221 2784 darn
243 2731 345 2786 affectu
367 2728 520 2802 procedat,
549 2739 582 2788 ut
603 2733 652 2786 dat
672 2749 738 2788 cunr
766 2736 891 2788 maxima
912 2737 959 2790 sni
982 2731 1124 2789 demissione

155 2815 183 2860 et
205 2825 315 2864 summa
334 2825 403 2881 erge
425 2811 515 2868 Deum
544 2814 719 2879 reverentis,
749 2829 814 2868 cum
838 2815 920 2868 firma
941 2814 1014 2870 Fide
1032 2820 1056 2867 et
1071 2822 1124 2861 vert

154 2885 293 2940 in‘Deum
315 2889 491 2958 confidentia
506 2891 631 2962 aliisque
646 2892 792 2946 similibus
806 2891 1053 2964 dispositionibus,
1071 2900 1122 2958 quet

152 2977 252 3020 sacrae
275 2966 439 3035 Scripturas
461 2972 638 3042 frequentius
660 2972 804 3043 ingerunt,
830 2979 858 3026 et
879 2988 952 3043 quae
973 2991 989 3028 a
1010 2973 1035 3027 S.
1055 2965 1122 3023 Patri·

153 3045 208 3099 ltus
230 3043 355 3099 maxime
376 3049 621 3104 commendantur.
664 3051 746 3106 Certe
769 3053 867 3108 nullus
889 3060 946 3121 est,
970 3053 1123 3124 quincue

153 3125 250 3194 ipsum
278 3131 415 3195 tanquam
444 3130 558 3197 peccati
585 3129 711 3201 alicujus
737 3146 820 3186 reum
851 3140 978 3199 accuset,
1008 3131 1033 3184 si
1052 3127 1124 3182 ninus

153 3211 387 3260 reverenter'aut
406 3221 471 3260 cum
494 3207 594 3279 aliqua
608 3209 689 3264 Fidei
708 3211 756 3264 vel
776 3213 839 3280 spei
859 3212 1042 3266 vacillatione
1055 3208 1123 3261 Deuu

154 3284 297 3351 oraverit3
319 3299 355 3339 ex
371 3300 426 3354 quo
441 3287 510 3340 salis
523 3295 612 3356 petet,
627 3290 674 3343 vel
690 3291 754 3361 ipsa
765 3292 941 3345 conscientia
949 3289 1055 3362 judice,
1068 3284 1123 3355 rjus

154 3360 234 3413 modi
255 3363 336 3430 pium
352 3363 481 3418 affectum
500 3365 536 3418 ad
553 3369 711 3423 orationem
724 3369 824 3424 debite
839 3370 999 3424 faciendam
1014 3363 1113 3436 requiri.

213 3437 365 3502 Quaeritur
376 3441 401 3496 7.
412 3449 439 3496 et
448 3444 559 3511 ultimo,
573 3447 715 3514 quaenam
724 3449 753 3502 in
766 3441 1120 3519 oratiouesiutpostulanda

212 3512 430 3587 Respondetnr,
452 3535 486 3575 ea
507 3525 605 3580 omnia
623 3525 706 3582 licite
728 3533 756 3582 et
777 3529 922 3584 meritorie
943 3542 1023 3598 posse
1042 3540 1058 3577 a
1076 3522 1120 3575 Det
