2316 3866
316 187 355 232 nu
375 187 500 232 ominus
520 133 662 233 nunnae.
922 171 985 240 279

24 306 168 377 proindeque
186 309 264 363 nuni
283 309 397 363 notione
421 307 518 364 mariti
538 307 585 362 vel
607 306 758 362 demeriti:
790 309 869 380 quod
891 311 984 366 ineiuo

24 386 183 454 explicabitur
202 388 285 458 intra,
307 403 372 442 cunr
395 395 495 460 agetur
515 387 551 441 dc
571 387 709 456 peccatis.

62 465 84 518 t
121 465 278 522 Secundum
299 475 357 534 eat,
380 475 474 522 ectum
495 467 622 536 primurn
643 465 824 535 intellectus,
850 484 901 524 seu
920 471 989 540 pri·-

22 560 74 598 nan
90 547 298 618 cogitationem,
327 561 401 618 quae
422 547 453 600 in
478 547 581 616 quovis
602 547 719 618 negotio
741 547 982 606 deiiborato'onem

22 625 195 681 otrntuntotis
211 626 365 698 imperium
392 625 553 697 praecedit,
582 637 645 680 eobo
672 627 789 696 quidem
813 635 908 682 notum
929 629 981 684 ho-

21 705 95 771 ninio‚
122 719 176 760 non
208 721 276 760 vero
307 713 402 764 notum
434 706 606 773 humanum,
638 720 704 764 cum
732 722 790 762 non
822 709 860 762 rit
886 707 979 762 libore

20 784 89 838 onnia
107 786 174 838 eninr
196 793 278 840 actuo
299 786 378 841 liber
396 801 414 840 a
432 786 584 842 voluntate
613 785 700 840 debet
727 787 796 841 elici
820 792 871 843 aut
886 787 981 858 impe·

19 864 80 930 rori,
103 863 145 918 red
162 865 275 935 primur
296 866 349 920 illo
364 874 444 924 aetna
464 859 639 932 intotteotno,
659 881 713 920 aen
726 868 822 936 priona
843 867 980 938 cogitatio

20 957 67 994 non
83 951 116 996 eet
131 960 146 998 a
162 946 327 1013 voluntate,
356 959 430 1016 qnae
451 945 482 998 iu
501 945 682 1015 incognitum
707 945 776 1001 terri
798 961 856 1003 nou
876 953 983 1016 potoat,

20 1021 61 1074 oei
76 1024 112 1076 rel
128 1023 160 1077 ab
181 1023 299 1096 objecto
319 1025 420 1095 atiquo
440 1023 574 1078 oeuoibuo
588 1025 714 1080 externit
735 1033 912 1092 oecurrente,
935 1027 984 1082 vol
1033 1069 1037 1074 .

19 1101 151 1157 immediata
161 1105 207 1158 ab·
221 1107 288 1175 ipro
300 1105 360 1160 Deo
374 1103 553 1160 intellectum
568 1103 720 1171 excitante,
735 1105 880 1159 interdum
895 1107 983 1164 etiarn

20 1179 46 1232 ab
57 1183 151 1253 ringeln
168 1184 248 1240 bono
263 1185 402 1238 vernano
424 1185 534 1254 species
549 1183 753 1254 imaginatione
761 1193 983 1241 commovente:

19 1259 76 1314 unde
98 1269 181 1317 tomen
212 1278 272 1319 uon
304 1264 450 1335 seqnitur,
477 1263 624 1318 hominem
652 1261 689 1316 ab
717 1261 860 1334 ejunuroui
887 1263 987 1332 prima

19 1340 157 1410 cogitatione
170 1341 370 1410 determinari,
392 1351 444 1397 out
455 1341 620 1398 necessitati
635 1340 673 1396 ad
687 1341 802 1414 aliquid
816 1341 985 1411 volendum,

21 1419 109 1487 quoodo
120 1421 244 1478 advertit
264 1437 295 1477 ea
315 1423 391 1482 illud
413 1423 500 1492 velle,
521 1422 716 1479 licetnullom
731 1421 985 1477 adhortationem

20 1496 251 1557 disconvenientiam
268 1501 465 1572 deprehendat
484 1503 515 1556 in
537 1501 650 1573 objecto
671 1503 734 1570 illo,
757 1500 835 1572 quod
849 1515 902 1570 per
923 1501 984 1572 pri-

20 1591 74 1632 nan
90 1581 285 1652 cogitationem
298 1584 492 1652 proponitnro
524 1588 618 1651 potent
639 1582 716 1637 enirn
738 1588 807 1636 tuuc
827 1581 909 1634 illino
930 1595 983 1636 vo·

20 1655 88 1711 ionias
106 1660 138 1714 ob
159 1678 302 1716 summum
322 1663 399 1733 qnod
421 1659 532 1718 obtinet
554 1670 610 1716 tem
632 1661 662 1714 in
684 1678 724 1729 oo,
747 1675 833 1732 quom
854 1661 981 1730 inolito

20 1739 130 1804 potentiae
150 1740 326 1808 dominium,
345 1743 441 1812 posito
462 1755 633 1818 quocunqne
656 1741 777 1812 praevio
798 1740 985 1819 cogitatione,

21 1821 38 1868 ct
53 1833 203 1892 quocunqne
221 1820 339 1892 judicio
357 1821 485 1892 practico
507 1821 602 1890 ipoiua
621 1821 795 1887 intellector,
816 1818 864 1873 vel
886 1827 982 1875 actum

20 1907 78 1950 annm
95 1899 281 1970 suspendere,
312 1901 359 1956 vel
380 1901 559 1955 intellectum
588 1900 737 1970 applicare
759 1897 796 1954 od
817 1895 998 1955 concinere-s

21 1971 99 2031 tionem
117 1981 205 2050 magio
223 1987 361 2035 attentam
383 1977 513 2050 quodem
528 1979 632 2048 objecti
654 1987 681 2034 et
701 1981 982 2034 circumstantiarum

21 2051 74 2123 njoo,
96 2065 120 2111 ot
138 2060 178 2115 nio
200 2075 267 2115 cunr
279 2059 420 2130 ,pleniori
444 2059 655 2114 deliberetione
681 2058 816 2122 rationis,
845 2057 884 2110 ad
903 2057 982 2112 illud
1066 2069 1070 2073 ·

21 2137 178 2201 appetendum
200 2139 252 2194 vel
273 2137 487 2208 repudiandum
508 2155 538 2194 oe
558 2140 651 2209 ipsam
673 2135 872 2194 determinare.

62 2213 212 2274 *Tertium
235 2226 288 2285 cot,
310 2217 388 2288 apud
403 2219 503 2282 Patres
519 2226 550 2273 ot
571 2219 730 2286 Scriptoroa
748 2215 911 2286 Theologoo
931 2229 988 2270 vo·-

20 2289 141 2350 lnntariunr
162 2313 251 2368 saepe
273 2298 348 2352 turni
362 2313 423 2367 'pro
444 2298 551 2363 libero,
580 2306 613 2351 ut
635 2295 715 2366 opud
737 2296 764 2352 S.
786 2291 985 2366 Augustinuno

19 2367 54 2424 lib.
71 2373 100 2427 de
117 2391 182 2431 vera
195 2378 351 2449 Religiono
373 2393 435 2448 oap.
458 2377 504 2431 14.
535 2375 623 2448 quaoe
645 2377 715 2433 adeo
737 2371 867 2446 (inquit)
879 2391 987 2444 pecco-

21 2457 57 2502 tnn
71 2456 239 2512 voluntarium
259 2467 299 2511 cot
326 2457 439 2518 molum,
468 2465 506 2510 rot
518 2455 590 2509 nullo
616 2457 694 2509 modo
714 2457 750 2508 or't
765 2461 907 2522 peccatum
926 2455 987 2506 orici

20 2529 238 2604 merbotoro‘omf
270 2538 349 2592 etin
377 2537 429 2590 lib.
458 2535 495 2590 de
522 2535 635 2591 dnobus
655 2532 818 2588 Animabuo
846 2543 909 2602 cap.
931 2531 987 2587 11..

21 2607 44 2658 So'
58 2611 150 2668 liberam
168 2635 223 2670 non
244 2617 293 2681 ao't,
316 2633 368 2669 nnn
389 2625 429 2670 eet
449 2615 580 2670 volontas.
981 2633 987 2654 ι

64 2693 85 2744 5·
120 2694 255 2761 Quartum
279 2703 329 2761 est,
352 2695 548 2750 voluntarium
570 2700 714 2763 ournptnm
728 2707 781 2762 pro
802 2689 896 2744 libero
910 2690 987 2746 mol·
1053 2741 1058 2750 ,

22 2765 165 2834 tiplicitera
187 2775 345 2846 Theologio
368 2775 482 2830 dividi:
506 2773 597 2828 -olr'nd
624 2773 700 2828 enim
726 2777 767 2826 eet
787 2770 986 2828 voluntarium

23 2857 164 2920 txnroooorn,
186 2853 271 2908 aliud
293 2854 419 2908 taciturn.
455 2853 630 2924 Expresenm
651 2850 801 2915 illudent,
824 2850 902 2920 qnod
923 2867 987 2908 ver·

23 2919 69 2990 bib
92 2933 196 2987 nonnus
220 2941 270 2989 aut
292 2933 357 2988 aliia
383 2935 471 3006 signis
499 2933 686 3004 significatur.
730 2930 876 2997 Taciturn,
906 2929 988 3002 quot}

22 2999 105 3074 absquo
121 3010 217 3068 verbio
239 3020 292 3066 otc.
316 3028 352 3067 ex
373 3014 447 3068 sacto
470 3013 569 3083 aliquo
592 3019 638 3066 ant
660 3011 815 3066 omissione
837 3011 905 3066 facti
926 3011 986 3065 col-

21 3077 105 3155 ligitur,
124 3099 155 3144 nt
175 3109 212 3146 ex
230 3093 357 3159 cilentio,
380 3093 526 3162 numquis
545 3091 628 3162 ioqui
644 3090 780 3146 deberet:
812 3089 990 3158 unbajnxta

23 3165 120 3232 togulam
136 3170 297 3242 juriusqoa'
317 3181 399 3236 tacet,
421 3173 570 3225 consentire
591 3173 710 3234 videtur,
733 3171 762 3226 in
786 3167 814 3223 6.
837 3183 894 3238 neg.
916 3165 965 3220 44·

64 3243 131 3310 Quor
150 3251 271 3320 quidem
292 3252 392 3321 regula
419 3250 640 3314 locnm‘habet‚
668 3247 838 3319 praesertim
868 3243 990 3316 quondo

25 3313 50 3370 te
64 3324 173 3397 alicujus
196 3328 346 3384 commodo
368 3333 562 3402 agitur‚1non
583 3332 654 3382 item
683 3325 798 3398 qnando
820 3323 855 3378 do
876 3323 988 3378 inconn-

25 3399 149 3461 ¹¹1⁰tltnoou
168 3409 358 3481 praejudicio,
381 3410 459 3482 qnod
481 3411 572 3464 sosius
586 3408 763 3476 explicatum
783 3402 877 3458 videri
893 3407 990 3472 porcat

26 3479 83 3542 titi
97 3485 295 3557 Laymannnrn
314 3489 367 3546 lib.
392 3490 418 3544 1.
441 3496 521 3550 tract.
543 3488 571 3544 2.
594 3502 658 3556 cap.
679 3485 707 3539 3.

68 3561 147 3620 blind
171 3567 240 3624 iteon
266 3576 310 3626 eat
337 3569 534 3626 voiuntarium
552 3575 645 3636 actu,
677 3562 763 3622 aliud
790 3562 990 3620 voluntarium
