2348 3868
148 163 210 230 too
509 181 547 224 na
568 176 775 224 nuenarianae

151 306 237 358 aenan
265 301 349 356 docet
371 299 488 355 'l'oletns
516 300 568 354 lib.
598 299 626 354 6.
648 315 672 357 o.
696 298 741 355 15.
772 307 800 353 et
826 297 950 354 liabetur
976 302 1009 352 in
1030 294 1149 354 Rituali

150 381 298 448 Romano,
334 379 418 434 dtulo
450 380 487 436 de
517 381 718 434 communione
748 379 936 434 infirmorum.
987 379 1017 434 ai
1048 385 1150 432 tamen

149 462 263 516 nullum
284 459 437 530 probabile
458 461 557 514 mortis
578 459 741 528 pericnlum
762 460 941 523 immineret,
974 467 1002 512 ct
1029 471 1066 512 ex
1099 458 1149 511 de-

149 542 267 596 votione
288 539 350 594 sola
371 539 582 596 communicare
604 539 693 592 vellet
713 539 844 592 infirmus
866 535 960 610 (quod
987 538 1035 592 illi
1064 535 1148 592 hand

151 615 242 678 dubie
263 619 484 674 saluberrimum
506 624 549 671 est
569 617 700 688 ideoque·
719 616 959 686 consulendum),
987 623 1057 672 tnnc
1086 633 1146 672 non

149 700 210 754 nisi
226 698 346 771 jejunus
368 697 579 753 Eucharistiam
600 698 745 767 suscipere
767 695 893 751 deberet.
935 695 1075 763 Quodsi
1103 697 1147 750 iu-

151 781 250 836 firmns
272 779 302 831 in
323 777 423 832 mortis
443 777 574 847 periculo
596 775 706 831 diutina
727 783 873 845 versetur,
902 777 1011 845 poterit
1036 777 1147 830 iterum

151 865 182 914 et
201 858 315 926 saepius
336 856 548 912 Eucharistiam
569 871 621 926 per
640 855 758 913 modum
779 856 881 910 viatici
902 855 990 910 etiam
1014 869 1075 910 non
1105 855 1148 926 je-

148 936 239 1010 junus
267 951 397 1002 sumere,
425 942 457 990 ut
484 934 569 990 docet
594 933 673 990 idem
701 935 820 990 Toletus
847 947 952 1005 supra,
987 935 1146 991 dnmmodo

132 1023 266 1096 ,tempus
287 1015 408 1085 aliquod
428 1014 465 1068 ab
492 1016 594 1071 ultima
622 1015 723 1070 viatici
751 1016 915 1083 sumptione
942 1015 1148 1081 intercesserit,

151 1094 233 1168 quod
253 1093 370 1166 quidem
392 1103 505 1166 tempus
525 1097 554 1148 in
571 1093 682 1150 Rituali
697 1095 741 1148 tit
763 1093 799 1148 de
821 1108 923 1148 comni.
946 1095 1022 1148 inlir.
1046 1094 1148 1150 decem

154 1175 267 1232 dierum
289 1175 383 1244 spatio
404 1174 583 1243 praefinitur.
940 1167 941 1170 ’

215 1259 241 1310 b.
285 1253 432 1321 Quaerunt
446 1253 549 1324 aliqui,
564 1269 599 1306 nn
614 1253 649 1318 is,
668 1242 721 1322 qui
734 1253 823 1322 paolo
838 1260 989 1326 antequam
1004 1251 1150 1308 incideret

152 1335 185 1391 in
199 1334 362 1406 pericnlum
377 1334 476 1387 mortis
491 1333 725 1398 communicavit,
748 1340 877 1386 teneatur
897 1333 999 1387 iterum
1014 1331 1147 1400 periculo

154 1415 210 1470 illo
237 1414 408 1468 adveniente
429 1411 640 1466 Eucharistiam
669 1412 804 1482 recipere.
848 1411 973 1479 Quidam
994 1411 1148 1484 Theologi,

153 1501 187 1550 ut
208 1494 324 1560 scotus,
354 1489 521 1547 Paludanut
543 1499 571 1544 et
592 1491 660 1558 alii,
690 1505 762 1561 qnos
784 1491 854 1546 citat
875 1499 902 1545 et
923 1489 1054 1562 sequitur
1074 1492 1149 1562 Lay-

153 1587 275 1628 mannus
298 1587 321 1625 c.
345 1573 372 1626 5.
397 1569 432 1625 de
446 1571 537 1624 Eneh.
560 1571 736 1636 existiment,
757 1571 841 1626 illam
864 1571 915 1641 qui
936 1569 1148 1624 Eucharistiam

151 1652 261 1722 recipit
282 1656 345 1706 coto
360 1651 410 1704 vel
424 1650 522 1705 decem
537 1648 640 1704 diebus
656 1657 812 1720 antequam
826 1653 857 1704 in
871 1648 1032 1718 periculum
1047 1651 1149 1704 mortis

153 1730 313 1796 incideret,
346 1744 403 1783 non
433 1730 523 1783 teneri
551 1729 604 1783 sub
631 1737 750 1798 peccato
777 1729 881 1784 iterum
917 1729 1149 1795 communicare;

154 1825 278 1882 quorum
299 1807 441 1865 sententia
456 1809 586 1878 quamvis
600 1808 763 1878 probabilis
778 1809 920 1876 videatur,
942 1809 1038 1864 verior
1052 1815 1149 1863 tamen

154 1885 186 1946 'et
207 1891 237 1944 in
258 1890 345 1960 praxi
366 1887 489 1944 tenenda
510 1895 553 1943 est
573 1904 623 1956 ea,
651 1903 725 1958 quae
747 1889 863 1952 asserit,
893 1889 980 1943 talem
1005 1903 1042 1942 ex
1067 1904 1152 1958 prae·

156 1975 241 2038 cepto
262 1967 365 2024 divino
385 1969 489 2022 iterum
511 1967 635 2040 obligari
656 1966 696 2021 ad
717 1967 1006 2034 communicandum,
1034 1965 1151 2021 etiamsi

155 2047 253 2120 pridie
280 2064 367 2122 qnam
391 2047 534 2102 incideret
554 2049 584 2100 in
606 2047 706 2102 mortis
726 2047 889 2116 perieulum
906 2047 968 2118 J'am
989 2047 1151 2101 eommuni-

156 2136 257 2186 cassat.
298 2127 343 2181 Ita
364 2127 540 2183 Isambertus
562 2126 599 2180 ad
620 2133 730 2197 quaest.
752 2126 800 2180 80.
824 2126 898 2196 disp.
922 2131 948 2182 5.
972 2134 1024 2180 art
1047 2125 1075 2178 2.
1097 2125 1152 2180 ubi

155 2209 245 2264 etiam
267 2207 415 2264 contendit
435 2207 531 2272 illurn,
554 2207 604 2277 qni
620 2206 696 2260 nihil
710 2205 746 2260 de
760 2207 891 2276 periculo
906 2207 1005 2260 mortis
1020 2208 1151 2276 cogitans

157 2283 396 2343 communicasset
415 2293 465 2340 aut
486 2286 673 2352 celebrasset,
701 2287 726 2340 si
752 2285 852 2340 eodem
868 2285 921 2341 die
942 2285 973 2338 in
994 2285 1053 2339 tale
1074 2287 1152 2355 peri·

157 2367 255 2422 culum
276 2365 398 2434 incidat,
419 2365 522 2420 iterum
545 2365 583 2419 ad
597 2365 808 2420 Eucharistiam
830 2363 996 2420 sumendam
1019 2379 1071 2434 per
1092 2381 1153 2420 mo·

156 2447 228 2502 dum
248 2446 351 2501 viatici
372 2445 505 2515 obligari.
550 2445 603 2498 Cui
625 2453 719 2500 tamen
741 2445 899 2499 sententiae
919 2459 956 2500 ne
985 2441 1153 2500 subscriba-

157 2543 231 2592 mus,
255 2524 350 2580 obstat
362 2523 510 2578 Ecclesiae
531 2524 580 2576 lex
601 2532 628 2578 et
649 2523 826 2578 consuetudo
847 2524 1005 2594 prohibens
1025 2539 1064 2577 ne
1085 2525 1151 2594 quis

160 2606 261 2661 eodem
283 2602 331 2657 die
353 2603 399 2657 bis
420 2603 622 2670 communicet,
644 2606 774 2672 exceptis
789 2603 901 2674 aliquot
914 2602 1029 2658 casibus
1043 2603 1153 2676 injure

157 2683 312 2754 expressis,
334 2689 367 2736 nt
386 2681 498 2737 Natalis
521 2681 647 2750 Domini,
670 2683 793 2738 Paroohi
814 2683 886 2738 duas
908 2690 958 2738 ant
976 2683 1078 2752 plnres
1099 2683 1152 2737 Ec-

159 2763 262 2818 clesiae
276 2761 456 2832 parochiales
479 2761 629 2816 distinctas
651 2762 781 2833 legitime
801 2761 977 2833 possidentis
998 2770 1051 2817 ete.
1075 2763 1152 2816 inter

160 2857 232 2912 quos
255 2849 349 2896 tamen
370 2841 536 2912 propositus
556 2841 605 2896 hic
628 2858 709 2897 casus
730 2857 880 2913 nunqnam
901 2842 1050 2912 reperitur.

219 2919 367 2990 Optimum
388 2921 549 2989 superbae
570 2937 601 2976 re
629 2922 782 2977 consilinm
812 2929 901 2990 esset,
932 2919 965 2974 id
993 2928 1152 2990 praestare,

159 2999 238 3070 qnod
259 3015 276 3052 a
296 3000 486 3054 sanctissimis
509 3001 589 3068 viris,
612 3006 640 3056 et
661 3017 752 3070 nuper
770 3003 855 3055 otiam
871 3000 907 3054 ab
922 3001 1153 3055 eminentissimo

158 3089 187 3134 et
215 3079 250 3134 de
277 3079 414 3136 universa
441 3079 573 3136 Ecclesia
594 3081 701 3150 optime
729 3081 831 3134 merito
854 3079 1004 3136 Cardinali
1025 3079 1153 3135 Barouio

159 3161 271 3232 aliquot
299 3161 383 3212 annis
412 3166 476 3214 ante
504 3166 623 3214 mortem
652 3160 761 3215 factum
787 3159 924 3231 legimus3
958 3159 1010 3229 qni
1039 3161 1154 3230 quoties

159 3238 424 3305 communicabant,
454 3245 503 3293 ant
523 3238 629 3292 Missae
650 3239 821 3294 sacrificium
844 3237 1046 3306 celebrabant,
1068 3239 1156 3294 toties

158 3333 268 3374 sacram
282 3319 495 3373 Eucharistiarn
508 3333 562 3388 per
576 3317 692 3372 niodum
714 3319 815 3373 viatici
836 3333 873 3372 ex
893 3317 1037 3388 peculiari
1058 3319 1159 3372 inten-

157 3399 236 3452 tione
257 3397 418 3464 sumebant,
440 3413 475 3452 ea
495 3398 608 3454 scilicet
628 3405 729 3465 mente,
751 3405 785 3452 ut
805 3399 830 3452 si
850 3413 925 3454 mort
942 3414 979 3454 cx
992 3399 1160 3467 improviso

159 3477 319 3545 accideret,
358 3476 475 3532 divino·
493 3485 647 3547 praecepto
676 3477 712 3532 de
732 3477 915 3532 Eucharistia
940 3478 971 3532 in
1000 3478 1054 3532 tali
1085 3493 1160 3533 casu

158 3555 301 3612 sumenda
322 3555 358 3612 ab
378 3557 451 3628 ipsis
472 3557 651 3614 constectum
672 3565 753 3614 osset.
