2356 3870
331 119 367 164 na
387 117 533 166 nacsnoor
552 119 747 168 essroaerrsv
970 105 1034 172 did

34 239 112 294 missi
135 253 249 314 gravem
272 237 400 309 aliquam
431 245 582 310 egestatem
608 241 769 310 patiantur,
800 249 832 296 ut
852 244 893 296 eis
915 259 1029 299 succur-

34 326 101 372 rant.
148 318 237 374 Docet
257 325 421 388 praeterea,
447 331 587 388 personas
609 319 834 388 ecclesiasticas,
859 323 920 378 sive
941 323 1030 378 bene-

33 399 96 454 ficia
125 406 160 466 et¹
183 397 293 454 reditus
321 398 531 474 ecclesiasticos
559 393 723 468 obtineant,
752 400 792 472 de¹
818 401 924 472 quibus
953 404 1030 457 intra

32 495 79 532 sno
100 477 179 545 loeo,
202 479 263 532 sive
278 477 354 532 bona
369 485 479 534 tantum
494 477 713 548 patrimonialia
727 479 904 550 possideant,
926 479 1028 536 eodem

32 557 180 614 faciendae
203 557 402 626 eleemosynae
415 565 576 627 ,praecepto
596 557 704 614 arctius
726 557 869 630 obligari,
894 560 1029 631 eoquod

30 639 57 691 in
77 639 143 694 illis
157 637 342 706 ¹superfluum
363 639 455 706 magis
477 637 607 694 inveniri
627 638 732 706 possit,
754 654 840 709 quam
859 641 891 696 in
914 641 1027 696 Laicis:

30 733 91 774 cum
115 717 197 776 onim
218 729 311 788 neque
339 732 458 782 uxores,
487 732 582 787 neque
607 717 684 772 illios
713 726 763 774 aut
789 719 866 787 filias
893 717 1028 786 habeant,

30 813 151 867 cumque
174 795 292 853 modum
314 811 347 852 ac
375 795 574 852 modestiam
565 812 596 850 rn
611 797 697 852 victu
717 811 760 851 ac
787 800 909 853 vestitu
915 810 1029 854 servare

30 884 196 943 teneantur,
219 889 275 932 nou
299 882 340 930 tot
360 875 447 932 rebus
465 875 616 948 indigent,
641 891 693 932 nee
714 877 751 930 ad
772 887 867 934 tantas
886 894 1026 999 capenates

28 956 214 1010 iaciendaso
198 955 372 1026 obligantur.
1015 983 1021 993 ι

87 1036 226 1102 Quaeres,
241 1050 310 1090 num
323 1049 423 1091 omnes
433 1049 574 1104 personae
589 1035 799 1105 eleemosynam
815 1053 931 1108 erogare
941 1038 1026 1092 licite

28 1117 146 1184 possint
190 1101 407 1184 Respondeas.
425 1114 539 1170 Ductor
564 1123 619 1172 art.
647 1113 675 1168 8.
704 1114 804 1182 illum,
834 1117 885 1186 qui
908 1125 951 1170 est
972 1117 1026 1174 snb

28 1195 153 1266 alicujus
176 1201 317 1270 potestate
336 1195 524 1260 constitutus,
555 1193 590 1248 de
610 1209 641 1248 re
665 1194 735 1259 illa,
761 1195 919 1250 seeundum
943 1209 1028 1266 quara

29 1274 172 1344 superiori
196 1272 363 1344 subjicitur,
391 1275 604 1344 eleemosynam
632 1273 713 1330 licite
738 1274 831 1330 lacere
852 1289 910 1330 non
931 1290 1027 1343 posse,

30 1355 84 1409 uisi
106 1354 142 1411 de
167 1366 308 1408 consensu
332 1353 432 1420 illius,
459 1353 507 1408 cui
535 1352 669 1408 subditus
690 1360 749 1418 est:
782 1353 859 1408 uude
886 1355 1025 1424 sequitur,

26 1435 190 1505 religiosos,
212 1433 289 1488 filios
303 1433 430 1489 familias
452 1448 486 1488 ao
506 1448 603 1488 servos
618 1434 814 1502 eleemosynas
836 1433 945 1504 absque
960 1449 1028 1490 oou·

28 1529 109 1570 sensu
133 1515 332 1582 superiorum,
361 1519 512 1581 parentum
536 1519 586 1570 aut
608 1512 790 1568 dominorum
811 1527 927 1584 erogare
948 1511 1028 1570 licite

28 1609 82 1648 non
101 1607 204 1662 posse,
226 1593 285 1646 nisi
307 1599 433 1646 extrema
451 1592 551 1662 aliqua
571 1591 730 1663 indigentis
751 1594 915 1652 necessitas
927 1609 974 1648 eos
987 1591 1028 1650 sd

28 1673 56 1726 id
75 1673 212 1744 obliget-3
242 1679 367 1742 possunt
385 1682 481 1728 tamen
502 1671 558 1726 filii
587 1671 715 1728 familias
740 1687 776 1726 ex
795 1671 881 1728 bonis
903 1680 1026 1728 castrou-

26 1753 101 1806 sibus
124 1759 180 1811 aut
200 1752 283 1822 qnasi
303 1751 516 1816 castrensibus,
542 1751 575 1806 id
597 1759 697 1806 estex
717 1752 795 1819 illis,
825 1767 898 1822 quae
924 1752 972 1806 vel
992 1752 1025 1808 in

26 1831 110 1899 bello,
135 1831 189 1896 vel
209 1832 239 1884 io
262 1830 387 1901 alicujus
405 1831 497 1886 officii
509 1830 786 1900 publiciexcrcitlo
801 1839 1025 1902 consequuntur,

26 1927 141 1984 erogare
167 1909 380 1999 eleemosynas,
407 1911 483 1970 sieut
501 1919 528 1966 et
549 1910 585 1964 de
601 1913 655 1980 iis,
676 1925 749 1980 quse
770 1904 955 1980 inpropriae
976 1926 1026 1966 err·

25 2007 126 2060 pensas
150 1991 227 2060 ipsis
248 2007 265 2046 a
286 1990 456 2061 parentibus
478 1989 683 2045 conceduntur.
720 1991 776 2044 lta
780 1989 899 2046 (doletur
920 1991 973 2046 lib
994 1989 1024 2046 8.

25 2087 46 2124 c.
64 2071 111 2126 at.

79 2153 105 2206 5.
153 2147 242 2215 Quod
261 2155 356 2206 autem
376 2155 488 2219 spectat
508 2147 546 2204 ad
567 2163 701 2213 uxorem,
724 2121 857 2218 quamvis
879 2148 914 2203 de
935 2147 1022 2202 bonis

26 2221 228 2285 communibus
257 2228 365 2300 absque
393 2229 491 2284 marita·
520 2241 680 2285 consensu
689 2228 887 2297 eleemosynas
906 2239 1023 2298 erogare

27 2321 77 2364 noo
100 2308 228 2374 debeat,
254 2308 360 2377 poterit
389 2316 498 2373 tamen,
527 2314 559 2362 ut
585 2307 663 2362 idem
684 2307 802 2362 Toletua
832 2306 916 2362 docet
935 2323 1024 2377 supra

26 2403 46 2442 c.
67 2389 116 2444 29.
140 2388 178 2442 id
199 2389 301 2452 iacere,
324 2391 349 2442 si
370 2388 446 2442 nitra
468 2387 573 2453 dotem,
595 2401 687 2457 qnam,
700 2387 806 2453 attulit,
828 2386 943 2456 aliquid
964 2385 1023 2442 sibi

25 2471 177 2537 proprium
208 2468 380 2533 reservavit,
410 2474 459 2521 aut
489 2466 514 2520 si
537 2482 590 2536 per
617 2468 735 2522 alterius
763 2466 947 2522 donationem
968 2465 1023 2520 vel

24 2549 179 2617 proprium
200 2547 328 2602 laborem
351 2555 379 2600 et
398 2545 570 2603 industriam
598 2547 712 2617 aliquid
733 2547 782 2604 illi
803 2546 960 2600 obveniat:
992 2545 1024 2598 in

26 2643 80 2695 qno
101 2636 201 2682 tamen
231 2627 367 2682 locorum.
387 2625 624 2684 consuetudinem
653 2627 822 2682 servandam
845 2624 1022 2698 ¹esss1,=,dieitt

27 2705 93 2760 Item
115 2708 143 2762 si
167 2707 287 2760 maritus
307 2707 353 2760 sit
381 2721 495 2772 amens,
522 2713 572 2758 aut
591 2707 650 2774 ipsi
677 2707 762 2761 uxori
787 2708 829 2760 rei
852 2703 1024 2760 domesticae

27 2783 309 2852 administrationem
331 2786 491 2856 relinquat,
514 2792 564 2839 aut
584 2785 609 2838 si
631 2786 669 2839 sit
689 2785 914 2856 supramodum
935 2792 1022 2839 tenax

24 2872 53 2918 et
72 2881 188 2931 avarus,
211 2879 264 2920 uec
285 2866 484 2935 eleemosynas
506 2865 611 2932 ullas„
624 2865 709 2921 etiam
732 2880 796 2918 cum
819 2872 940 2932 tenetur,
962 2880 1023 2918 ero·

22 2960 90 3014 gare
118 2945 212 3011 velit3
244 2956 313 3001 tnnc
339 2945 417 3000 enim
447 2959 520 3000 uxor
548 2943 581 2997 id
608 2946 715 3013 poterit
741 2945 874 3014 exemplo
902 2944 1023 3014 Abigail

25 3025 48 3076 i.
70 3024 141 3097 Reg.
168 3022 215 3078 25.
238 3039 311 3094 quae
333 3024 441 3078 Davidi
463 3023 555 3090 dedit,
577 3023 641 3078 viro
663 3039 716 3090 suo
735 3026 889 3080 nesciente.
932 3023 1025 3076 Addit

22 3102 94 3160 idem
118 3103 248 3170 author,
270 3119 354 3172 posse
376 3105 462 3160 etiam
485 3103 626 3158 debonis
655 3103 712 3158 sibi
737 3119 802 3158 cnm
823 3104 927 3157 marito
947 3116 1024 3154 oom-

24 3184 161 3240 munibus
184 3183 277 3238 facore
298 3184 444 3252 modicam
465 3182 692 3252 eleemosynam,
717 3192 943 3253 propterquam
964 3195 1025 3232 ma-

24 3264 88 3319 ritus
103 3262 232 3318 -nullam
253 3263 446 3335 indigentiam
469 3262 602 3332 patietur.
