2282 3876
76 175 143 253 ῥοῦ
375 193 413 240 ιιι
437 191 584 236 nscstoar
605 191 797 238 raincarius.
832 179 836 192 ’

75 329 226 388 personae,
248 312 331 385 cujus
353 313 429 368 tame
448 311 594 376 laeditur:
626 313 691 368 fieri
711 311 858 382 siquidem
872 319 982 381 potest,
1005 312 1084 383 quoti

77 401 152 450 recte
179 393 315 451 observat
336 391 455 448 ‘Inlotus
477 408 500 447 c.
524 391 572 446 tt.
597 400 628 446 nt
656 392 854 460 manifestatio
881 393 1003 460 peccati
1032 393 1083 446 ali-

77 474 161 548 cnjur
182 481 316 544 respectu
335 487 475 543 personae
496 472 586 542 unius¹
598 481 752 528 censeatur
769 473 893 526 inlcmia
914 472 1007 538 levis,
1028 473 1082 526 imo

77 552 225 610 interdum
247 552 343 619 nulls,
373 567 446 622 quse
474 559 605 622 respectu
633 551 752 606 alterins
780 566 900 622 gravem
930 551 1080 606 infamiam

76 631 245 699 induceret,
273 639 324 689 sut
345 630 472 686 notabile
492 629 663 686 scandalum
686 645 783 686 secum
804 630 980 686 inveheret:
1013 647 1036 684 e
1054 646 1079 700 g.

79 715 131 786 qui
153 711 189 770 da
211 713 304 768 milite
326 710 450 776 diceret,
477 709 556 780 quod
578 711 614 764 ad
637 709 767 767 duellum
786 719 968 779 provocatus
991 711 1078 764 inimi·

79 809 145 868 cum
167 791 327 858 occiderit;
359 789 394 847 ie
415 789 598 852 adolescente
620 789 776 860 dissoluto,
806 789 885 859 quod
908 805 1014 846 amore
1034 790 1081 843 ali

79 889 136 946 quo
157 872 268 936 illicito,
284 868 446 939 implicitun
467 870 515 934 sit,
537 869 642 936 levem,
664 863 722 924 imo
743 875 834 938 prope
854 869 973 925 nullam
989 880 1083 929 mecu-

77 953 135 1006 lcm
157 951 276 1007 illorum
297 949 389 1004 ismae
410 949 526 1004 murare
547 955 724 1016 censeretur,
754 963 819 1004 cum
840 949 914 1006 teies
936 957 971 1004 nt
993 949 1085 1017 piuri-

78 1047 155 1084 mum
185 1029 221 1084 de
249 1028 395 1084 similibus
427 1027 513 1082 rebus
542 1029 723 1097 glorientur3
755 1029 806 1098 qni
832 1043 903 1084 vcro
936 1027 1020 1082 idern
1049 1028 1084 1080 ‹le

77 1110 240 1180 Episcopo,
273 1115 321 1164 aut
335 1153 338 1158 i
352 1122 476 1179 persona
505 1107 605 1178 eliqua
635 1107 833 1164 ecclesiastice
860 1109 910 1162 vel
943 1108 1083 1178 religiose

80 1185 203 1255 diceret,
231 1188 312 1244 haut
339 1187 427 1242 dubie
456 1187 656 1258 gravissImam
685 1185 747 1257 ejus
775 1188 868 1244 ismae
895 1194 927 1240 et
954 1187 1084 1242 maxiure

79 1267 280 1326 scandalcsam
301 1267 439 1340 iujuriam
460 1268 610 1340 irrogaret.

140 1349 213 1410 Hinc
235 1349 320 1418 etism
339 1347 496 1418 colligitur,
519 1353 550 1400 nt
572 1345 656 1401 docet
670 1345 786 1403 Lessics
807 1359 878 1415 cap,
894 1343 943 1400 tl.
967 1345 1042 1402 dab.
1056 1345 1086 1399 3.

78 1436 110 1486 ιιι
131 1430 289 1498 plurisnucs
311 1427 431 1490 necuim
451 1426 606 1480 venialiter
626 1440 747 1496 peccare
768 1424 851 1491 illos,
881 1425 935 1494 qui
956 1426 1086 1480 alierum

80 1507 209 1564 deiectus
230 1508 378 1572 naturales
399 1506 527 1576 occultos
548 1505 609 1560 sire
631 1506 778 1576 corporis,
801 1506 864 1560 sive
886 1505 981 1558 animi
1005 1512 1086 1576 pste-

30 1612 38 1626 ι
78 1588 199 1654 iscium,
223 1594 253 1640 ut
274 1585 353 1655 quod
374 1585 481 1654 aliquis
502 1587 540 1638 sit
561 1583 719 1656 gibbosus,
743 1583 821 1654 quod
841 1584 971 1655 ignaros,
997 1585 1086 1641 exilis

79 1667 191 1736 ingenii
213 1672 266 1720 etc.
288 1665 345 1734 nisi
366 1665 440 1721 torta
460 1663 539 1728 inde,
561 1673 593 1720 ut
612 1664 690 1718 itlem
711 1672 825 1730 monet,
846 1679 937 1733 grave
958 1661 1082 1734 aliquod

79 1744 161 1816 illics
184 1744 330 1810 damnum,
352 1751 402 1798 sut
422 1743 757 1814 notabiliscontemptus
780 1745 809 1797 in
832 1743 939 1798 animis
961 1743 1084 1801 audien·

77 1824 166 1898 tium,
189 1822 236 1878 vel
258 1820 426 1878 scandalum
451 1822 569 1880 alterius
592 1825 721 1880 oritetnr.
783 1852 787 1860 x
993 1819 999 1827 “

570 1980 648 2036 VIII.

107 2053 111 2061 ι
148 2087 295 2172 §chuntur
315 2088 399 2142 cisiic
418 1979 553 2159 masaia
572 2089 647 2142 circe
662 2095 804 2157 precellam
825 2088 1015 2141 nemausas.

47 2225 54 2237 “
143 2222 169 2278 1.
212 2223 341 2280 Primum
363 2232 419 2286 cst,
449 2239 484 2278 au
506 2232 607 2292 peccet
631 2223 794 2286 mortaliter
818 2222 858 2289 is,
888 2221 942 2291 qui
962 2223 1083 2277 ulterius

80 2303 319 2376 peccata-cudite
336 2301 426 2358 reiert
445 2316 542 2361 coram
563 2303 646 2369 aliis,
668 2302 744 2358 nihil
765 2309 859 2356 tamen
877 2302 1085 2366 asseverando.

80 2379 296 2457 Respondetun
325 2379 405 2454 quod
432 2383 567 2453 quamvis
592 2398 645 2451 per
670 2397 700 2436 se
722 2377 867 2451 loquendo
895 2379 930 2436 itt
957 2395 1020 2435 non
1050 2383 1084 2436 sit

55 2469 231 2534 ,peccatum
252 2464 389 2529 mortale,
419 2462 535 2532 quaudo
556 2461 640 2518 nulla
661 2461 1002 2528 inconsentaneum,
1033 2476 1084 2514 nec

81 2540 161 2612 apud
174 2541 329 2611 prudentes
350 2542 427 2596 viros
448 2544 503 2598 isto
525 2540 668 2611 loquendi
682 2540 775 2608 modo,
798 2539 850 2610 qui
864 2539 977 2594 nullam
994 2557 1085 2596 mere-
1139 2589 1140 2608 Ξ

80 2631 127 2678 ιιι
148 2621 266 2689 Fidem,
296 2621 415 2682 alterins
437 2622 513 2676 lame
534 2622 658 2677 multum
685 2619 839 2687 laedatur;
871 2621 897 2673 si
918 2627 1033 2687 tamen,
1055 2628 1084 2674 ιι
1139 2609 1140 2632 ³

80 2708 156 2758 recte
185 2701 320 2758 observat
339 2702 454 2759 Loesius
484 2700 553 2756 dub·
576 2704 603 2755 5.
618 2702 737 2757 crimen
767 2707 843 2762 essct
868 2698 959 2754 ualde
986 2715 1086 2770 greve,

81 2779 160 2851 quod
181 2779 418 2846 inpedientium
448 2780 552 2838 animis
580 2781 776 2849 suspicionem
804 2778 936 2848 aliquam
965 2793 1083 2847 pravam
1139 2785 1140 2806 l

80 2862 272 2930 ingeneraret,
293 2861 323 2914 iu
345 2859 399 2918 illo
421 2875 488 2916 casn
506 2867 639 2929 peccaret
661 2859 814 2926 mortifere,
837 2858 891 2932 qui
911 2857 1083 2929 hujusmodi

49 2940 190 3006 'crimen
213 2939 346 3005 referret,
370 2941 539 3011 praesertim
561 2938 596 2992 de
616 2953 739 3008 persona
761 2939 860 3008 aliqua
882 2932 1021 3008 honesta,
1043 2953 1084 2992 re

81 3024 183 3090 speetu
212 3016 295 3087 cujus
320 3020 449 3088 suspicio
476 3019 530 3074 illa
559 3034 646 3090 grave
666 3018 781 3088 *malum
811 3024 1079 3072 esse‘csuseretcr:

81 3099 160 3170 quod
189 3097 437 3154 etiam.similiter
464 3097 634 3165 dicendum,
666 3099 692 3151 si
720 3097 785 3170 quis
805 3104 937 3168 ,peccate
964 3097 1078 3152 alterius

81 3177 182 3237 audita
202 3179 415 3247 referatcoracs
437 3178 484 3246 iis,
507 3193 578 3248 quos
593 3175 747 3248 probabile
769 3183 810 3230 est
832 3192 867 3230 ex
888 3191 943 3230 sue
964 3177 1082 3230 levitate

34 3283 36 3288 ·
82 3256 269 3330 credituros.⁴
578 3325 581 3330 Δ
700 3255 702 3260 ’

142 3336 306 3406 Secundum
333 3343 392 3401 est,
421 3351 458 3388 an
479 3343 579 3404 peccet
599 3337 760 3390 mortaliter
784 3335 826 3402 is,
858 3336 907 3404 qui
929 3344 1083 3404 peccatum

81 3413 209 3476 proximi
231 3414 375 3468 occultum
395 3414 447 3467 cni
467 3422 518 3468 aut
540 3414 624 3469 alteri
645 3423 756 3482 tantum
778 3415 985 3470 manifestaret
1029 3414 1085 3468 Re-

81 3485 253 3557 spondetur,
283 3490 364 3558 quod
390 3494 522 3560 quemvis
543 3493 688 3550 Navarrus
710 3509 734 3554 c.
760 3491 805 3548 18.
830 3491 879 3548 21.
901 3493 949 3546 33.
981 3494 1084 3546 existi-

78 3568 151 3625 met,
179 3561 216 3616 511·
232 3566 285 3616 tali
306 3583 373 3640 casu
394 3584 452 3636 cop
476 3585 536 3640 esse
564 3573 624 3634 nisi
641 3579 793 3646 peceatum
815 3572 942 3638 veniale,
973 3572 999 3628 si
1021 3585 1079 3624 noc
