2384 3868
404 187 622 234 mmmmm.
968 169 1010 238 ae

47 307 212 376 Baptismum,
233 308 384 374 nummis,
415 307 540 362 damiads
572 315 600 362 at
627 307 775 378 sanguinis
807 306 1005 381 distinguunt3

45 387 180 455 Baptismus
208 388 286 441 euim
312 387 437 442 huminis
466 394 509 441 ast
535 386 699 458 Baptismus
727 388 758 440 in
786 402 817 440 ro
845 394 1004 458 susceptus,

44 466 179 534 Baptismus
199 467 324 522 flaminis
345 476 387 523 est
406 467 571 536 Baptismus
592 467 624 520 in
642 473 724 534 voto,
745 465 908 540 Baptismus
924 465 1006 524 dani-

42 559 85 614 que
102 547 241 618 sanguinis
262 555 304 600 est
324 546 510 616 martyrium,
532 546 611 616 quod
632 553 722 602 morte
743 561 796 618 pro
812 546 925 604 Christo
940 563 1012 618 par*

42 638 108 691 pessa
124 634 344 683 consummatum
366 633 416 680 est.

346 839 577 909 SECTIO
623 839 667 906 11.

243 967 771 1040 Quamummafflmmm

91 1093 109 1150 l.
125 1095 285 1154 Dicendum
298 1099 323 1153 l.
340 1115 445 1171 aquam
459 1099 618 1156 naturalem
634 1113 694 1154 essa
710 1107 846 1154 remotam
859 1099 1005 1169 Baptiami

43 1177 164 1231 materiam.
183 1179 218 1232 ld
233 1185 348 1234 constat
362 1195 398 1234 ex
412 1180 457 1236 his
470 1177 577 1236 Christi
589 1176 707 1234 Domini
724 1176 828 1246 verbis,
844 1179 871 1232 S.
880 1179 965 1234 Joau.
974 1179 1002 1234 3.

41 1251 88 1304 Nisi
108 1259 157 1324 quis
181 1268 296 1312 renatus
315 1259 405 1329 fuerit
426 1276 459 1312 ex
479 1277 551 1330 aqua
571 1268 620 1312 etc.
653 1271 726 1328 quae
754 1255 791 1312 de
820 1259 1004 1312 Sacramento

41 1329 149 1399 Baptismi
168 1353 219 1406 per
242 1353 347 1408 aquarn
370 1338 529 1392 naturalem
548 1335 724 1392 conferendo
737 1336 930 1408 intelligenda
944 1352 1005 1392 esse
1079 1342 1081 1351 '

43 1408 167 1470 declararit
194 1415 284 1472 Cone.
317 1416 397 1471 Trid.
428 1433 496 1471 sess.
519 1417 546 1472 t.
577 1430 638 1470 ean.
661 1415 688 1470 2.
722 1415 757 1470 de
784 1417 868 1486 Bapt.
898 1416 949 1472 ubi
978 1421 1006 1475 et

40 1503 118 1560 aquam
135 1497 294 1552 naturalem
315 1498 463 1552 materiam
484 1497 626 1567 Baptismi
655 1511 715 1549 esse
745 1495 896 1563 definivit,
927 1495 1006 1567 quod¹

42 1575 59 1619 et
80 1572 103 1622 iu
129 1573 208 1628 Cone.
237 1575 318 1630 Flos.
347 1576 377 1628 in
409 1577 519 1630 Deerat.
549 1576 621 1648 llug.
650 1584 678 1630 et
704 1575 735 1628 in
761 1575 846 1630 Cone.
870 1577 1003 1631 Lateran.

39 1651 208 1718 capFimaitar
237 1655 277 1710 de
305 1671 415 1709 summa
441 1655 582 1709 Trinitate
611 1663 695 1710 an'tea
724 1653 873 1708 definitum
903 1657 1003 1710 iuerat.

38 1725 132 1785 lamiae
157 1741 251 1789 autem
282 1743 372 1805 aquae
400 1737 539 1788 naturalis
564 1733 738 1808 intelligitur
759 1733 829 1801 illa,
860 1749 934 1805 quae
961 1742 1005 1790 'ost

39 1807 186 1867 elementaris
208 1823 235 1869 et
258 1814 401 1884 simplex,
422 1815 484 1870 sive
505 1815 543 1868 sit
564 1830 600 1867 ex
621 1813 795 1890 mari,siva
815 1827 852 1867 ex
874 1815 1006 1890 ilumiue,¹

39 1893 74 1938 aut
97 1889 179 1961 fonte,
211 1901 264 1948 aut
290 1893 415 1964 palude,
449 1899 499 1947 aut
526 1896 610 1960 etiam
641 1908 677 1948 ex
709 1893 828 1964 pluvia,
858 1901 890 1946 ut
921 1893 1006 1950 docet

41 1963 59 2016 S.
73 1965 156 2024 Thena.
178 1981 288 2046 quaest.
306 1973 353 2027 66.
374 1981 427 2027 art.
442 1973 460 2027 3
476 1980 504 2027 et
517 1973 544 2026 4.
575 1974 612 2026 in
632 1987 689 2043 quo
710 1972 866 2044 singularis
886 1978 1019 2043 prorsus'

40 2043 109 2100 elucet
127 2049 240 2107 diuinae
261 2053 292 2106 in
313 2053 442 2108 homines
471 2051 686 2107 misericordiae
713 2051 895 2124 benignitas,
925 2051 1006 2122 quod

41 2121 66 2174 td
86 2126 290 2186 Sacramentum
319 2139 415 2186 tantae
444 2133 622 2186 necessitatis
648 2139 676 2184 et
696 2131 832 2185 utilitatis
853 2130 1007 2186 condoles&

42 2200 102 2270 dum,
120 2217 149 2261 ut
168 2211 304 2266 observat
321 2212 434 2266 Cateoh.
452 2211 533 2265 Trid.
554 2226 583 2281 p.
594 2211 623 2264 2.
639 2225 702 2280 cap.
714 2209 741 2264 2.
758 2210 909 2264 materiam
921 2211 1006 2264 illam

41 2278 164 2356 delegerit,
187 2307 262 2362 quae
284 2304 396 2362 semper
416 2296 534 2360 praesto
552 2297 609 2357 ost,
632 2297 718 2362 atque
740 2289 776 2342 ab
791 2288 925 2343 omnibus
940 2287 1006 2342 ubi-

42 2373 81 2426 que
98 2364 173 2424 laeile
192 2371 292 2440 parari
312 2378 416 2440 potest.

83 2443 146 2500 llius
173 2451 310 2520 colliges,
341 2466 428 2520 aquas
454 2466 552 2505 omues
574 2449 741 2504 artificiales
762 2455 790 2502 et
811 2447 884 2500 alios
904 2445 1009 2502 humo·'

40 2531 72 2571 res
87 2526 196 2598 mixtos,
224 2545 250 2596 e.
267 2546 294 2600 g.
315 2545 436 2599 aquam,
466 2541 539 2599 quae
567 2544 603 2583 ex
632 2529 704 2584 rosis
725 2535 776 2582 aut
797 2527 863 2581 aliis
884 2525 1005 2582 floribus

41 2598 74 2650 vel
91 2601 175 2664 herbis
195 2610 331 2677 elicitur,
353 2609 421 2665 item
443 2625 517 2679 quae
538 2623 574 2662 ex
595 2609 654 2663 sale
670 2591 841 2674 resolvita'ur,
861 2607 1005 2675 lacrymas

41 2677 120 2750 iliam,
145 2689 266 2749 salinam
293 2697 321 2742 et
342 2689 452 2742 similes
473 2689 618 2760 liquores,
648 2688 700 2758 qui
724 2686 760 2740 ab
782 2701 859 2757 aqua
878 2685 1006 2739 naturali

43 2761 116 2822 slesia
134 2765 282 2836 differunt,
303 2785 361 2824 non
382 2783 443 2822 osse
463 2768 597 2824 idoneam
619 2775 647 2822 at
660 2766 850 2821 sufficientem
864 2765 1008 2836 Baptismi

43 2843 176 2913 materiam3
203 2864 218 2902 e
247 2854 348 2902 contra
372 2863 441 2903 vero
462 2849 641 2919 Baptismum
667 2844 766 2900 valide
794 2846 899 2903 confici
919 2859 1018 2914 posse

45 2925 72 2966 Εἰ
87 2933 241 2998 quacunque
262 2941 340 2998 aqua
357 2929 502 2997 naturali,
524 2927 656 2998 quamvis
672 2923 889 2980 accidentaliter
902 2925 1007 2978 immu-

45 2995 100 3061 fflt,
124 3001 270 3062 dummodo
292 3021 389 3062 veram
412 3021 503 3076 aquae
523 3006 666 3060 naturalis
678 3005 828 3072 aiormam,
847 3003 1006 3058 secundum

45 3083 190 3158 ommonem
210 3087 361 3142 hominum
383 3087 611 3144 aestimationem
632 3085 769 3152 retineat3
792 3084 925 3154 nihilque
940 3097 1007 3153 pro·

47 3150 99 3207 aude
121 3161 152 3214 ad
174 3165 260 3238 hujus
289 3167 466 3223 sacramenti
493 3165 676 3221 validitatem
702 3165 848 3230 conterre,
878 3163 904 3216 si
930 3173 1007 3232 aqua

46 3231 121 3290 calida
137 3243 169 3298 sit
188 3252 239 3300 aut
257 3245 373 3317 frigida,
395 3261 468 3316 pura
482 3246 530 3299 vel
544 3247 668 3313 impura,
687 3243 739 3297 'vel
753 3259 789 3299 ex
804 3243 906 3314 glacia,
929 3241 1006 3305 nive,

50 3315 158 3376 sanitas
182 3340 334 3394 expressa,
364 3333 414 3379 aut
441 3325 542 3396 aliquo
570 3325 684 3395 liquore
712 3323 807 3378 alieno
835 3323 866 3376 in
891 3319 1007 3375 modica

50 3397 174 3456 luntianis
191 3406 353 3475 permixta3
376 3406 455 3460 omni
476 3406 553 3460 enim
575 3401 717 3474 ejusmodi
733 3417 823 3473 aqua,
846 3399 1007 3456 communis

50 3475 78 3520 ast
94 3473 288 3556 Theologorum
316 3501 435 3551 sensus,
463 3491 493 3539 et
520 3496 656 3552 expressa
678 3483 705 3535 S.
722 3482 849 3535 'l'homae
875 3477 1010 3532 doctriua

55 3552 121 3607 Μ
138 3574 213 3628 possa
234 3565 378 3634 Baptismi
399 3563 615 3619 Sacramentum
637 3557 736 3614 aalide
758 3557 877 3612 confici:
912 3551 1014 3606 valido

71 3639 139 3705 aaa,
153 3658 246 3702 masaa·
259 3659 391 3714 anaqam
421 3658 449 3700 aa
826 3631 845 3694 3
