2356 3870
357 148 396 208 ne
414 152 561 198 suessoni
577 151 768 214 nasacaenrs
993 137 1055 218 ibt

47 289 105 330 neo
128 273 360 344 suppositionem
382 273 465 328 illam
483 273 586 330 marito
609 273 737 328 revelare
758 274 884 342 volebat,
906 275 981 332 sicut
1000 291 1057 334 nec

47 353 191 420 alterins,
221 353 273 424 qni
293 352 403 422 prolem
424 367 461 406 es
481 351 626 411 adulterio
646 362 824 424 susceperat,
846 355 903 410 nisi
924 363 955 411 ut
976 371 1053 412 com·

44 442 153 504 petens
176 432 336 486 satisfactio
357 447 409 501 per
430 429 585 486 discretum
608 431 789 487 Sacerdotem
820 434 934 506 utrique
954 435 1053 508 iujun-

45 522 155 586 gaeon
184 511 263 566 unde
279 509 367 582 juxta
387 505 471 565 illum
488 526 626 567 canonem
640 511 792 581 prudentis
807 515 861 568 erlt
876 514 1053 570 confessarii
1082 539 1088 568 ι

44 589 201 666 ejusmodi
223 591 353 659 mulieri,
380 598 494 661 praeter
514 592 574 646 alia
594 607 682 662 opera
703 593 911 660 satisfactoria,
939 596 1051 664 praeci

43 687 133 744 pere,
157 679 193 726 ut
212 669 314 726 solitas
334 686 488 742 expensas,
510 679 649 741 quantum
670 672 790 742 poterit,
818 671 1051 732 habitatatione

42 760 151 820 status,
174 751 354 809 valetudinis
374 758 426 806 etc.
449 750 617 818 imminuat,
642 757 670 805 et
691 751 795 822 majori
816 751 969 808 sedulitate
990 769 1049 816 rem

46 832 241 888 domesticam
269 830 467 900 administrat,
496 838 524 886 et
550 830 577 886 si
605 829 677 904 quid
698 830 774 886 lucri
802 831 921 902 proprio
948 831 1050 888 labore

48 921 169 981 captare
189 910 297 981 possit,
325 909 432 964 illud
423 926 457 964 nn
477 911 738 978 compensationem
766 910 892 966 filiorum
914 918 963 974 sut
983 912 1050 971 hae·

48 989 153 1048 redum
182 991 326 1061 applicet,
356 997 383 1046 et
410 990 471 1049 alia
494 990 607 1044 similia
633 999 771 1060 praestet,
804 989 910 1062 quibus
938 993 964 1048 si
990 1007 1049 1073 uon

48 1078 142 1128 totum
165 1067 319 1137 damnum,
349 1070 450 1126 saltem
471 1069 553 1124 illius
574 1077 685 1141 partem
713 1070 842 1140 aliquam
864 1085 1050 1142 compensare

46 1158 199 1210 conetur.

109 1228 138 1284 l.
182 1229 323 1296 Quaeres,
352 1236 447 1284 ιιιιιιιιι
475 1228 539 1301 ipse
567 1227 680 1284 adulter
704 1226 742 1282 ad
763 1189 973 1287 restitutionem
994 1229 1053 1284 ali-¹

45 1325 137 1381 qnam
167 1307 329 1364 faciendam
358 1303 512 1380 obligetur.
554 1307 771 1378 Respondetur,
800 1308 826 1362 si
853 1309 1000 1367 moraliter
1020 1311 1049 1368 ei

44 1395 159 1446 certum
181 1389 229 1455 sit,
251 1388 354 1456 fllium,
376 1388 427 1460 qui
449 1403 485 1455 cnr
500 1387 629 1454 muliere,
650 1403 715 1442 curn
732 1403 788 1458 qua
801 1387 943 1458 peccarit,
964 1395 1050 1442 natus

44 1477 106 1534 est,
128 1481 215 1527 suoru
236 1483 309 1534 esse,
336 1465 461 1538 obligari
482 1467 567 1522 illum
588 1467 627 1522 ad
647 1468 908 1536 compensationem
931 1466 1050 1535 damno-

43 1565 126 1615 rum,
157 1563 232 1618 quae
258 1547 389 1620 legitimo
417 1547 521 1602 marito
546 1554 598 1601 aut
616 1545 678 1620 ejus
706 1543 881 1602 haeredibus
909 1546 1047 1604 obvenire

44 1635 186 1698 possunt,
215 1627 276 1682 rive
304 1628 414 1682 ratione
443 1627 662 1694 alimentorum,
691 1641 764 1698 quae
787 1627 835 1680 illi
855 1633 1048 1696 praestantur,

44 1709 109 1764 siue
138 1709 251 1762 ratione
278 1705 480 1773 haereditatis,
509 1721 595 1776 quam
624 1722 697 1762 cnm*
715 1707 784 1760 aliis
812 1705 958 1777 legitimis,
975 1707 1047 1765 liliis

43 1796 187 1858 tanquam
210 1803 283 1842 unus
305 1802 342 1842 ex
362 1784 425 1839 illis
440 1784 572 1844 aditurus
594 1791 653 1853 est⁸¹
676 1787 712 1840 Et
731 1787 803 1842 baec
824 1793 867 1862 est
887 1787 1054 1850 communis

43 1867 192 1924 sententia
214 1866 378 1934 Doctorum,
400 1866 502 1934 paucis
525 1865 664 1936 exceptis,
685 1881 806 1936 qnorum
828 1866 993 1936 opinionem
1014 1872 1048 1920 ιιι

42 1947 143 2002 minna
173 1945 358 2016 probabilem
387 1953 415 1998 ct
442 1954 531 2004 tutam
558 1946 664 2012 merito
689 1943 786 2016 rejicit
811 1945 927 2006 Lessius
959 1947 1048 2016 supr'a

45 2025 119 2082 dub.
142 2025 171 2080 6.

374 2173 400 2244 S
414 2175 443 2242 E
459 2173 487 2244 G
501 2175 530 2244 T
544 2171 608 2246 10
640 2173 716 2240 VH.
812 2231 815 2234 .

145 2291 341 2366 Explicatur
358 2297 535 2367 septimum
556 2293 948 2394 decalogi-praeceptum.

415 2419 492 2488 Non
512 2421 676 2498 furaberis.

105 2579 180 2636 Cum
205 2578 260 2634 hoe
286 2580 410 2650 septimo
437 2588 606 2652 praecepto,
634 2586 667 2634 ut
694 2577 828 2634 observat
849 2575 1046 2648 catechismus

46 2657 129 2714 Rom.
153 2667 228 2728 part.
251 2659 278 2714 3.
301 2675 363 2730 cap.
385 2659 413 2735 8.
455 2660 532 2716 Deus
554 2661 585 2714 in
608 2658 728 2716 tutelam
752 2657 844 2712 veluti
866 2671 946 2712 suam
966 2657 1044 2714 bona

45 2748 145 2796 nostra
166 2739 311 2794 exteriora
338 2741 511 2810 susceperit,
538 2740 579 2794 ita
599 2745 632 2794 nt
652 2738 750 2793 nullus
777 2753 810 2793 ea
829 2735 936 2808 injuste
958 2737 1047 2794 surri-

45 2833 123 2890 pere,
146 2825 197 2873 aut
217 2818 320 2883 insitis
342 2819 426 2875 nobis
448 2819 577 2874 detinere
593 2819 694 2888 possit,
717 2818 788 2888 quin
810 2816 919 2889 injuria
939 2815 993 2872 illa
1013 2819 1045 2874 in

46 2899 143 2968 ipsum
170 2899 260 2953 etiam
282 2898 373 2954 Deum
401 2897 585 2965 refundatur,
613 2913 648 2951 ac
675 2895 843 2952 obedientia
869 2897 917 2954 illi
946 2896 1047 2953 debita

43 2978 192 3035 violatura
225 2977 296 3051 hinc
317 2986 409 3048 patet,
438 2980 539 3050 quanti
567 2976 701 3032 facienda
727 2977 765 3030 sit
786 2976 878 3048 ,hujus
897 2977 1046 3047 praecepti

42 3057 229 3122 observatio,
260 3065 288 3111 et
315 3072 372 3127 quo
400 3058 496 3114 studio
523 3058 605 3111 illius
633 3053 826 3127 obligationes
855 3071 953 3113 omnes
981 3071 1059 3124 per-⁴

42 3135 235 3209 vestigandas
263 3136 335 3204 sint,
364 3139 531 3213 praesertim
561 3151 625 3190 cum
652 3136 811 3190 innumeris
839 3150 929 3206 prope
949 3133 1046 3188 modis

43 3219 71 3272 in
100 3215 185 3273 illud
212 3223 358 3286 peccetur.
399 3217 439 3272 Ut
461 3218 555 3288 ¹igitur
581 3213 685 3286 majori
718 3230 782 3268 cum
810 3215 875 3267 lucc
895 3215 934 3272 ¹in
962 3213 1045 3268 illius

45 3296 245 3369 explicatione
262 3295 463 3366 procedamus,
485 3297 577 3366 ipsius
594 3293 672 3365 juris
693 3309 727 3348 ac
742 3291 876 3364 justitiae
898 3293 1048 3362 principia

43 3375 175 3434 breviter
198 3375 410 3431 consideranda
431 3375 524 3431 nobis
535 3384 618 3440 sunt,
645 3381 677 3428 ut
698 3371 815 3428 exiliis
836 3381 937 3442 postea
958 3373 1047 3428 ratio-

45 3471 232 3521 aesomnes,
262 3454 368 3525 quihus
396 3471 463 3528 erga
483 3455 611 3524 proximi
630 3454 708 3510 bona
729 3451 951 3524 obstringimnr,
977 3467 1048 3508 enu·
1114 3451 1116 3458 “

45 3537 167 3593 electius
190 3550 408 3632 cognoscamus.
815 3604 882 3672 29*

169 3815 172 3821 '
194 3813 204 3843 Ι
