2316 3866
326 161 364 208 na
382 144 508 208 aonam
528 161 674 206 numera·
933 143 996 216 285

44 299 81 337 rou
98 295 134 336 est
149 237 226 352 opus*
239 282 299 336 ulla
320 281 461 352 explicita
482 281 623 337 relatione
644 280 681 335 ad
702 282 787 338 talem
811 285 914 352 duem3
936 287 994 342 sat-

43 364 81 416 tcit
104 363 186 428 euin,
211 369 243 418 ut
268 362 396 432 largiens
421 361 633 430 eleemosynam
656 370 811 432 cognoscat
830 379 860 420 se
879 366 995 422 mirmi-

41 441 126 496 cordiae
143 457 211 511 opus
231 453 373 508 exercere,
395 439 530 512 illudque
544 439 636 494 libere
651 454 783 496 exercere
797 443 877 498 volit.
910 446 996 512 Alter

41 528 68 574 est
82 521 138 574 finis
152 522 317 590 operantis,
346 521 397 591 qni
412 526 450 575 et
471 519 650 575 extrinsecus
672 519 795 588 dicitur,
824 537 908 592 quem
929 527 994 594 lpse

40 615 131 670 operans
148 615 195 655 suo
216 599 357 656 arbitratu
380 598 632 669 sibi'praestituit,
657 599 749 655 veluti
769 602 796 654 si
817 600 899 657 detur
918 605 995 659 clee-

39 695 142 748 uosynr,
162 686 192 734 ut
211 681 332 734 sedebat
352 694 406 750 pro
426 680 571 750 pescatis3
593 677 631 733 ad
651 679 708 733 hoe
728 687 838 748 autem,
865 690 896 737 ut
917 683 994 752 ejus·

38 757 96 812 nodi
107 758 163 814 tinio
177 758 335 814 bonitatem
351 773 432 812 suam
447 759 524 813 actui
540 759 742 826 eommunicet,
763 759 849 815 debet
861 763 892 816 iu
907 762 993 818 illum

36 837 139 892 intuere:
161 837 237 908 quod
257 847 407 908 praestare
426 853 484 894 nou
498 843 602 908 potest,
623 838 681 893 nisi
697 853 820 908 operans
833 842 994 910 casualiter,

38 923 76 969 aut
91 917 168 972 saltem
188 917 357 972 virtualiter
377 918 518 972 actionem
539 931 621 972 suam
641 917 676 970 iu
694 917 779 974 illum
801 922 913 976 referat.
986 929 988 934 “

330 1103 569 1214 sucum
597 1147 655 1211 1v.

32 1269 72 1326 lu
85 1272 164 1330 datur
179 1275 305 1348 aliquis
322 1276 420 1335 sotus
437 1273 712 1346 mctttsrsaassu
730 1275 788 1346 qul
803 1289 865 1332 neo
882 1273 992 1334 bonus
1073 1257 1075 1260 ⁵
1136 1263 1137 1266 ’

361 1357 425 1401 nso
441 1343 552 1400 malua
570 1345 623 1400 sit.

75 1471 94 1526 i.
129 1474 244 1545 Duplex
265 1475 445 1546 quaestionis
472 1475 638 1545 propositas
667 1488 767 1529 sensus
795 1489 859 1530 esse
884 1483 988 1545 potest.

31 1548 101 1607 Primo
118 1569 150 1607 au
170 1555 257 1610 detur
276 1562 358 1609 actus
387 1554 496 1624 aliquis
524 1554 669 1608 humanus
695 1553 863 1610 indifferens
891 1569 992 1610 secuu-

32 1628 78 1684 dou
95 1635 229 1704 speeiem,
256 1649 307 1688 seu
329 1633 380 1704 qui
401 1649 438 1688 ex
458 1639 541 1704 parte
562 1632 670 1704 objecti
690 1635 737 1688 sui
757 1641 811 1690 uec
830 1634 990 1690 bonitatem

30 1707 106 1764 hebeat
129 1727 178 1767 uec
205 1713 350 1768 malitiam
378 1713 534 1780 moralem3
547 1747 550 1752 -
563 1706 691 1768 secundo
719 1729 755 1768 au
787 1715 872 1770 detur
903 1716 990 1770 etiam

29 1788 75 1842 talis
97 1799 169 1846 aetus
196 1791 368 1848 indifferens
390 1791 550 1848 secundum
577 1791 780 1860 individuum,
808 1794 841 1848 id
870 1795 991 1866 estqui

28 1876 89 1934 prout
105 1887 120 1924 s
138 1872 222 1928 uobis
244 1871 294 1926 hio
314 1879 341 1926 ot
362 1887 439 1928 nuuc
461 1870 630 1926 advertente
652 1873 763 1935 radone
788 1873 882 1928 iibere
909 1889 991 1929 exer-

28 1954 92 2015 cetur,
110 1951 187 2005 uullo
209 1967 247 2006 ex
268 1952 363 2022 capite
382 1949 478 2006 bouus
499 1953 537 2005 sit
557 1950 605 2005 vel
626 1952 720 2006 malus
740 1953 896 2009 moraliter.
933 1953 990 2010 Pro

28 2025 86 2096 cujus
103 2030 276 2102 resolutione
309 2067 311 2076 ·
574 2067 585 2075 ·.

69 2106 217 2164 Dicendum
240 2109 267 2164 i.
295 2109 359 2164 dari
387 2111 513 2181 aliquem
540 2117 636 2164 aetum
664 2109 839 2176 humanum,
871 2111 923 2179 qui
950 2111 990 2164 sit

26 2182 159 2244 indifferens
180 2189 342 2245 secuudum
363 2190 498 2258 speciem.
546 2188 590 2244 Ita
617 2191 644 2243 S.
661 2187 786 2242 Thomas
814 2195 923 2260 quaest.
941 2186 988 2244 ts.

26 2265 96 2319 arti.
115 2275 140 2322 et
165 2285 232 2324 curu
255 2281 288 2323 eo
310 2269 499 2326 communiter
520 2283 619 2323 omnes
640 2267 790 2339 Theologi.
838 2267 873 2322 Id
901 2268 990 2324 etiam

26 2355 129 2412 expresse
155 2347 242 2404 docet
271 2349 298 2403 S.
316 2347 496 2418 Augustinus
523 2347 575 2401 lib.
591 2347 618 2402 2.
648 2347 684 2401 de
704 2360 787 2402 serm.
811 2348 926 2403 Domiu.
956 2350 988 2402 in

25 2431 95 2478 noste
114 2442 172 2496 cap.
186 2427 237 2482 28.
261 2427 312 2481 ubi
333 2428 485 2497 explicans
502 2426 580 2480 illud
596 2427 729 2482 Dominis
750 2427 841 2482 Nolite
848 2429 988 2496 judicare,

25 2509 46 2551 ot
60 2520 101 2556 noo
112 2508 287 2574 festinemini,
315 2515 342 2562 et
366 2506 535 2563 concilians
552 2506 705 2566 cumaliis
728 2505 860 2578 ejusdem·
880 2505 989 2567 Christi
1056 2531 1059 2538 ·

24 2577 117 2638 Domini
134 2587 250 2642 verbis:
271 2586 318 2640 En
330 2585 469 2658 sattellites
488 2603 581 2640 corner
602 2589 766 2656 coquoscstt'a
778 2603 847 2649 reos,
869 2585 911 2638 ait
930 2584 988 2640 boc

23 2665 135 2724 posterius
156 2666 268 2721 dictum
287 2665 513 2738 intelligendum
535 2679 595 2720 esse
614 2664 650 2720 de
664 2667 825 2723 manifestis
838 2663 987 2734 operibus,

23 2751 79 2806 quae
95 2758 146 2798 nou
166 2751 291 2816 possunt
311 2743 389 2801 bouo
410 2746 506 2802 auimo
533 2744 612 2815 fieri,
642 2743 805 2815 eujusmodi
831 2751 900 2798 sunt-
923 2743 989 2800 bla-

23 2817 153 2898 sphemiae,
182 2826 277 2892 lurta3
310 2827 393 2895 prius
420 2840 488 2880 vero
517 2822 553 2896 de
581 2825 717 2894 operibus
743 2823 987 2898 indifferentibus,

23 2894 156 2965 eujusmodi
177 2911 222 2958 est
243 2903 375 2960 ciborum
396 2904 522 2973 sumptio
544 2909 597 2957 etc.
619 2902 696 2958 uude
721 2903 778 2958 hoc
802 2903 890 2960 modo
920 2919 987 2960 cou-

21 2973 95 3031 cludit
111 2981 180 3036 ibid.
225 2983 295 3037 Sunt
315 2977 379 3054 erpo
400 2985 537 3055 quosdam]
546 2983 628 3053 foeta
648 2985 752 3047 marlia,
782 2995 851 3054 quos
873 2986 992 3054 ipsium

21 3068 62 3107 mitt
78 3076 123 3128 pcc
142 3064 231 3116 animo
243 3063 332 3133 fiant,
362 3065 427 3134 quic
448 3072 481 3118 ct·
494 3063 561 3124 bono
582 3071 607 3116 st
628 3064 703 3117 melo
711 3063 779 3134 fieri
793 3073 927 3134 prostant,¹
952 3061 985 3116 de

21 3135 93 3200 pallas
111 3143 281 3199 emesena
299 3153 341 3198 eat
353 3144 495 3212 judicare,
517 3144 631 3196 monime
652 3152 681 3197 ot
702 3144 910 3197 condemnemus.
970 3175 974 3183 ι

62 3215 85 3270 2·
123 3220 286 3286 Dicendum
306 3221 333 3277 2.
364 3222 443 3292 qnod
472 3222 604 3296 quamvis
630 3221 783 3292 probabile
805 3223 858 3284 sit,
887 3217 988 3273 nullos

21 3286 66 3346 dari
83 3306 158 3354 actus
179 3300 320 3357 humanos
341 3301 537 3356 indifferentes
550 3303 582 3355 iu
595 3300 765 3366 individuo,
787 3306 906 3370 propter
917 3297 987 3368 plu·

21 3369 73 3428 num
93 3377 316 3452 Theologornm‚
337 3383 563 3452 praesertimque
586 3381 614 3434 S.
630 3381 764 3435 Doctoris
786 3379 866 3432 artic.
883 3377 910 3431 ll.
934 3391 984 3432 au·

21 3446 172 3526 thoritstem,
203 3461 252 3531 qui
274 3460 416 3532 ejusmodi
438 3468 517 3515 actus
539 3466 661 3532 negaui:
683 3457 867 3527 probabilius
888 3463 986 3512 tamen

21 3526 104 3603 rideri,
125 3538 191 3593 dari
211 3540 324 3610 aliquos
346 3532 490 3612 ejusmodi
512 3547 591 3594 aetus
609 3538 644 3592 in
664 3535 834 3604 individuo,
857 3537 909 3606 qui
930 3552 985 3592 uec
