2316 3866
582 1 586 3 Ἴ
599 1 636 8 -vv-

425 125 462 170 or
486 125 616 174 unroco.
950 111 1014 180 ala

64 247 88 300 td
101 247 168 300 illam
187 247 306 316 pertinet
326 243 404 318 leges
427 245 559 313 condere,
581 246 749 316 probibere,
770 249 890 318 punire,
913 263 1014 305 causas

62 341 95 380 seu
110 317 166 380 lites
185 331 241 379 tum
263 325 364 380 civiles
386 332 446 380 tum
474 324 639 380 criminales
667 325 803 381 dirimere
832 337 885 382 etc.
914 343 1015 398 quarn·

60 403 131 458 obrem
143 403 285 474 proprium
301 404 429 459 tribunal
444 406 581 474 postulat,
608 403 687 476 quod
710 405 920 462 contentiosum
941 407 1015 462 dicis

58 489 119 536 ture
141 483 259 553 partium
286 483 478 538 contentione.
518 483 696 539 Voluntaria
724 489 816 538 autem
841 484 1013 556 iurisdictio

58 569 158 616 uersatur
175 562 249 616 circa
269 563 343 616 alios
364 562 502 634 publicae
522 562 673 632 potestatis
698 570 794 630 a'ctus,
825 565 926 634 quales
948 573 1015 634 sunt

57 640 199 710 legitimare,
229 641 414 712 dispensare,
447 642 578 696 conterre
607 641 750 698 beneficia
775 647 829 696 etc.
872 641 1016 700 Ditierunt

55 734 105 773 vero
122 720 193 775 inter·
206 733 252 786 se,
281 718 361 790 quod
379 721 434 773 illa
461 721 547 774 etlam
569 721 599 774 iu
621 721 729 776 invitos
757 721 886 776 exerceri
912 722 1015 791 possit,

54 797 109 852 baec
128 812 178 853 uon
203 799 260 852 uisi
289 800 320 852 iu
349 800 498 854 volentes:
531 799 608 854 unde
636 799 724 856 etiam
751 815 854 856 nomeu
885 801 1013 870 accepit3

58 875 137 931 deinde
153 877 229 948 quod
245 876 416 949 jurisdictio
446 879 626 934 contentiosa
654 886 735 934 extra
761 879 913 951 proprium
935 880 1017 934 terri-
1106 889 1117 905 ·

58 957 135 1010 toriuu
157 972 211 1012 non
241 955 433 1012 extendatur:
466 963 498 1012 ut
520 958 595 1013 enim
625 956 734 1014 dicitur
754 973 817 1029 cap.
839 957 867 1016 2.
890 959 926 1014 de
946 973 1017 1012 con-

58 1035 123 1088 stitut.
140 1037 162 1090 d.
201 1037 293 1092 Ecetra
314 1039 476 1092 territorium
489 1038 539 1106 joa
560 1039 661 1090 dicenti
686 1039 792 1106 impune
813 1055 867 1091 aon
882 1044 1016 1107 parciore

56 1127 82 1166 ex
98 1128 141 1182 quo
159 1115 197 1182 tlt,
219 1123 249 1170 nt
270 1131 326 1170 nec
347 1115 505 1186 synodales
520 1117 750 1182 constitutiones,
772 1129 825 1169 nec
840 1115 916 1170 aliae
937 1118 1016 1187 leges

56 1191 151 1263 alicujus
169 1193 310 1258 dioecesis
323 1196 516 1264 particulares
538 1201 620 1249 extra
640 1193 722 1248 illius
742 1194 918 1249 territorium
940 1195 1016 1252 obli·

55 1274 110 1340 gent,
127 1287 173 1326 nec
194 1272 376 1338 dioecesani,
400 1271 516 1345 quando
536 1273 622 1329 illino
644 1273 763 1340 absunt,
786 1273 823 1326 ad
844 1287 942 1327 earum
965 1272 1017 1327 ob·

56 1351 223 1421 servationem,
244 1369 274 1406 v.
290 1370 316 1424 g.
340 1349 378 1407 ad
400 1352 623 1408 celebrationem
644 1353 781 1408 festorum
799 1351 881 1406 illius
903 1350 1017 1408 dioece-

55 1429 83 1481 sis
103 1431 311 1499 particularium
340 1437 510 1486 teneantur:
543 1433 619 1486 siout
645 1447 660 1486 e
686 1437 787 1488 contra
813 1431 961 1501 peregrini
986 1436 1017 1486 at

56 1506 163 1576 aduenae,
184 1511 251 1565 dnm
274 1511 304 1566 in
326 1511 381 1566 illa
403 1509 529 1568 dioecesi
547 1517 771 1579 commorantur,
792 1511 839 1566 vel
858 1524 912 1580 per
931 1506 1017 1564 illam

57 1585 95 1639 iter
110 1589 223 1658 iaciunt,
252 1591 330 1661 leges
352 1589 434 1644 illius
455 1597 483 1644 et
504 1589 725 1644 consuetudines
746 1589 938 1658 particulares
960 1602 1018 1642 ser-

55 1679 104 1718 rare
121 1673 253 1724 tenentur.
290 1669 464 1724 Voluntaria
478 1675 572 1724 autem
585 1668 755 1740 jurisdictio
771 1675 851 1724 extra
865 1668 1017 1741 proprium

55 1744 196 1802 territorium
211 1749 341 1803 exerceri
351 1745 450 1802 valide
464 1755 492 1804 et
505 1748 675 1820 plerumque
690 1747 770 1802 licite
780 1747 883 1817 possit,
899 1745 1018 1816 quando

55 1822 143 1878 scilieet
166 1827 247 1882 nulla
279 1826 348 1881 inde
376 1827 467 1880 oritur
494 1826 664 1898 quusquam
696 1827 833 1894 offensio,
865 1825 1017 1880 nullumve

54 1901 200 1959 scandalum.
242 1905 287 1960 Ita
309 1906 425 1972 oneres,
446 1904 606 1972 Nauarrus,
629 1906 776 1976 sylvester
797 1913 825 1960 et
846 1905 897 1960 alii
918 1903 1018 1975 plures

53 1980 110 2046 apud
127 1983 320 2052 Laymauuum
342 1991 422 2039 tract.
445 1983 473 2040 4.
497 1983 532 2039 de
553 1985 679 2056 Legibus
701 1987 804 2054 cap.'5
827 1992 855 2039 et
876 1979 922 2038 tl.
975 2011 979 2018 ,

96 2058 119 2113 i.
156 2063 374 2118 Observandum
395 2061 422 2118 2.
444 2063 519 2118 banc
540 2071 691 2135 utramque
711 2069 879 2134 potestatem
901 2061 1019 2132 legisla-

56 2135 121 2192 tivum
138 2141 209 2196 iuter
229 2158 260 2197 se
282 2142 396 2198 differre
418 2143 528 2197 ratione
550 2144 691 2215 originis:
720 2141 918 2197 ecclesiastica
939 2139 1018 2194 euim

54 2223 153 2282 potestas
172 2221 338 2277 immediate
353 2238 370 2275 a
385 2221 444 2276 Deo
464 2222 599 2277 instituta
613 2229 673 2289 est3
705 2221 803 2277 civilis
818 2235 895 2285 uero,
918 2233 1018 2289 quam·

53 2293 86 2346 ris
103 2310 116 2348 a
134 2297 189 2354 Deo
216 2301 268 2366 sit,
299 2299 369 2368 (noa
395 2301 465 2354 enlm
492 2309 532 2354 est
554 2310 677 2372 potestas
703 2301 757 2355 aiei
781 2317 798 2356 a
818 2301 890 2364 Deo,
920 2296 1018 2368 iuquit

54 2370 182 2440 Apostolus
201 2379 285 2434 Rom.
311 2378 372 2449 13.)
392 2394 450 2434 non
473 2383 566 2434 tamen
590 2380 757 2436 immediate
779 2395 814 2434 ex
835 2377 1018 2433 institutione

54 2449 126 2520 illius,
151 2457 199 2511 sed
220 2475 255 2514 ex
277 2459 406 2528 ipsorum
434 2459 583 2513 hominum
611 2457 815 2524 institutione;
845 2458 918 2510 ratio
939 2453 1017 2508 euim
1120 2515 1121 2518 Ἴ

55 2533 167 2589 naturalis
185 2535 260 2607 ipsis
281 2535 449 2592 bominibus
478 2537 620 2594 divinitus
646 2539 755 2607 indita,
786 2531 860 2590 sicul
885 2532 1016 2587 homiues

56 2606 83 2658 tl
97 2611 161 2667 vitae
180 2616 345 2686 societatem
367 2615 468 2687 adigit,
490 2617 533 2671 sio
553 2618 638 2670 etiam
659 2617 757 2682 dictat,
779 2614 943 2669 societatem
964 2610 1019 2667 bu·

56 2695 141 2745 nauem
161 2693 210 2748 diu
233 2702 364 2750 constare
385 2710 443 2748 uon
465 2708 563 2764 posse,
592 2696 651 2748 uisi
670 2695 790 2766 publiea
817 2691 917 2761 aliqua
936 2693 1018 2760 pote-

56 2769 108 2820 state
127 2771 306 2842 gubernetur,
323 2773 410 2843 juxta
427 2771 506 2827 illud
528 2775 671 2843 Sapientis
693 2772 777 2826 Prov'.
803 2769 847 2826 ll.
893 2769 951 2824 ΗΜ
964 2781 1018 2820 non

58 2851 86 2892 ot
99 2850 255 2914 potentator,
272 2853 391 2922 popalus
411 2862 524 2906 comet.
566 2852 652 2907 Unde
675 2850 878 2922 providentiae
899 2849 1019 2903 divinae
1116 2865 1117 2908 1

57 2925 116 2978 lulli
133 2931 325 2986 moderemine
345 2931 451 2984 iactum
473 2939 524 2998 est,
546 2937 577 2985 ut
594 2931 726 2986 homines
747 2930 857 3002 ubique
877 2935 1018 2984 terrarum

54 2997 155 3072 aliquam
175 3009 325 3080 regiminis
353 3010 471 3064 lormam
500 3011 576 3063 inter
602 3025 632 3064 se
661 3011 883 3075 constituerent,
913 3015 940 3062 et
965 3003 1019 3057 alii

53 3077 145 3144 quidem
165 3087 310 3144 communi
324 3089 447 3142 consilio
469 3105 498 3146 se
518 3089 597 3158 ipsos
619 3098 758 3161 regerent,
780 3089 833 3142 alii
847 3101 915 3140 vero
930 3088 1018 3153 penes.

53 3155 144 3230 aliquos
163 3168 328 3236 optimates,
357 3168 405 3220 vel
425 3181 513 3237 penes
534 3183 623 3222 uuum
643 3170 823 3237 prinoipem,
853 3179 903 3217 seu
923 3175 1019 3230 regem

54 3243 90 3288 aut
111 3237 330 3313 imperatorem,
350 3246 550 3304 authoritatem
580 3262 691 3320 omnem
724 3262 757 3300 ao
783 3239 1020 3314 jurisdictionem

55 3315 230 3378 tassionem:
262 3324 339 3394 uude
367 3323 647 3394 rerumpublicarum
676 3334 885 3394 regnorumque
906 3333 941 3372 ac
966 3318 1021 3370 iur-
1103 3361 1110 3366 .

56 3395 174 3456 lederun
194 3403 292 3458 variae
320 3405 428 3458 formae
456 3409 574 3458 exortae
601 3409 682 3469 sunt,
709 3403 875 3469 tactumque
904 3402 959 3464 est,
985 3398 1039 3452 ut·

57 3469 205 3549 lMegisten
220 3484 435 3539 communitatis
447 3483 499 3536 alii
511 3482 726 3548 democratiam,
739 3479 794 3534 alii
805 3477 1017 3558 aristocratiam
