2316 3866
271 173 308 216 oa
327 171 474 218 77777777
494 171 685 216 sasscsrms.
916 153 984 222 367

28 293 51 348 77
70 294 179 362 apposite
205 293 230 346 S.
262 292 484 362 chrysostomus
516 289 627 359 17171.
661 289 695 346 de
728 290 839 347 orando
869 291 980 348 Deum:

31 365 214 436 Quemadmodum,
236 371 347 444 inquit,
365 389 462 446 corpus
477 373 526 426 1777
539 379 667 434 nostrum,
683 373 708 424 si
721 389 774 427 non
789 373 862 426 adsit
876 373 975 436 aalma,

25 452 110 520 prefecto
128 461 249 507 mortuum
278 460 317 506 est
341 468 374 504 cc
387 451 543 522 snctt'riram:
574 452 614 504 at'c
634 452 738 515 animo,
767 451 821 505 nt'at'
841 467 870 504 se
892 453 981 522 777777

28 531 290 596 77777777777771777,
321 541 426 585 mortua
447 540 487 586 est
508 548 541 584 cc
561 532 675 596 mismo,
705 540 731 584 et
751 531 882 606 praviter
895 532 976 586 olens.

28 610 111 666 Sanctus
136 611 215 666 etiam
244 609 425 682 Augustinus
454 612 483 665 in
514 609 560 664 Ps.
591 608 656 665 tls.
686 617 809 666 7777777.
840 595 982 670 ,171117

26 706 51 740 77
49 690 168 752 ’,7777177
189 689 295 760 inquit,
318 689 408 744 nDeo
430 691 531 744 coritas
545 689 607 753 Dct',
630 698 655 742 et
664 697 780 764 propter
794 689 881 745 Deum
903 691 978 744 7777-

26 776 52 820 tas
64 771 170 838 77777777,
186 769 312 841 profecto
333 770 465 824 instanter
486 786 565 824 orare
588 768 675 832 debet,
700 786 751 840 qno
771 769 825 823 sibi
844 779 981 838 ncqcatcr

24 847 58 898 177
74 849 156 910 donum.

68 925 94 978 17
109 927 181 982 etism
201 926 322 998 probari
336 893 430 997 potest
444 928 499 982 hac
521 928 653 982 ratione
685 943 768 982 nemo
789 935 884 997 potest
898 943 981 985 man·

24 1003 74 1056 data
90 1005 170 1062 divina
190 1023 319 1073 servare,
343 1017 371 1061 et
392 1007 422 1060 in
444 1007 499 1062 illa
520 1005 704 1064 observantia
725 1023 924 1076 perseverare,
946 1023 980 1062 ac

24 1087 153 1140 tentationes
178 1089 319 1142 irruentes
347 1101 496 1156 superare,
531 1102 583 1141 nec
610 1085 734 1157 proinde
763 1086 883 1142 salutem
913 1103 982 1145 ceu·
1022 1143 1029 1151 ,
1062 1119 1066 1126 ·

23 1165 93 1232 sequi,
116 1167 169 1220 sine
196 1165 374 1236 specialibus
402 1174 429 1218 et
458 1166 602 1221 continuis
627 1165 745 1219 divinae
768 1169 876 1236 gratiae
897 1166 981 1220 anxi·
1062 1234 1066 1240 ι

22 1241 71 1308 1777;
97 1247 213 1315 quamvis
247 1254 340 1299 antem
372 1247 467 1316 prima
499 1246 605 1318 gratis,
637 1241 853 1316 quaehomini
883 1243 979 1310 datur,
1025 1253 1031 1268 ‘

23 1323 91 1374 onnia
114 1324 168 1396 eJ'us
189 1334 217 1379 et
239 1325 453 1396 qualiacunque
481 1325 597 1390 merita,
628 1332 655 1376 et
682 1323 805 1394 proinde
834 1323 979 1379 orationes

22 1403 152 1460 antecedat:
184 1412 291 1461 certum
320 1413 363 1462 est
390 1412 499 1471 tamen,
528 1419 618 1458 unum
641 1419 677 1456 ex
704 1403 809 1457 mediis
837 1402 980 1458 divinitus

23 1479 141 1552 institutis,
163 1483 198 1538 ad
220 1483 328 1554 gratiae
349 1483 432 1538 illius
454 1484 699 1538 continuationem
723 1491 749 1540 et
771 1484 980 1542 incrementum

24 1558 207 1652 impetrandum,
229 1578 289 1616 esse
304 1564 473 1629 orationem,
496 1571 528 1618 77
549 1579 585 1616 ex
604 1563 699 1616 citatis
715 1562 880 1632 Scripturas
902 1562 981 1618 testi·

25 1641 238 1696 noniisconstst·
270 1641 348 1698 unde
370 1626 514 1736 sequitur,
544 1642 637 1712 ipsam
661 1642 818 1696 orationem
841 1659 876 1696 ex
897 1657 980 1712 prae·
1059 1681 1062 1686 -
1142 1659 1143 1662 ’

25 1727 81 1784 cepto
100 1721 192 1776 divino
214 1737 273 1776 esse
296 1723 485 1776 necessariam
507 1721 544 1775 ad
566 1721 688 1776 salntem
711 1720 952 1792 consequendam.

63 1796 196 1864 Quaemtnr
216 1799 244 1854 2
267 1816 323 1871 qno
345 1807 471 1870 tempore
494 1801 558 1872 quis
580 1816 661 1856 orare
683 1808 822 1857 teneatur.

64 1875 253 1948 Respondetnr,
276 1880 301 1934 si
323 1879 358 1954 tie
379 1888 533 1951 praecepto
549 1880 744 1936 ecclesiastico
764 1881 893 1950 quaestio
915 1895 981 1950 pro·

23 1957 89 2020 posita
106 1959 294 2031 intelligatur,
323 1967 402 2022 certa
429 1967 558 2030 tempora
586 1961 708 2030 singulis
737 1959 868 2028 partibus
890 1959 982 2016 olflcii

24 2031 91 2089 divini
110 2053 165 2094 esse
186 2055 221 2094 ex
243 2039 374 2092 instituto
389 2037 538 2094 Ecclesiae
559 2039 713 2110 assignata,
737 2036 895 2109 dequibus
916 2054 981 2110 nge·

25 2119 56 2164 tur
71 2115 134 2170 inira
152 2117 180 2172 in
202 2117 364 2190 appendice
385 2119 418 2172 de
439 2127 511 2174 statu
532 2119 659 2178 clericali.
696 2115 728 2170 si
750 2130 817 2170 vero
841 2115 879 2170 de
898 2130 981 2188 praef

24 2201 82 2260 cepto
106 2195 198 2254 divino
227 2197 358 2269 quaestio
387 2199 436 2264 777,
467 2213 533 2252 curn
561 2195 639 2252 illud
667 2194 769 2250 orandi
796 2203 981 2265 praeceptum

23 2271 48 2322 alt
70 2275 272 2342 affirmativum,
305 2275 416 2346 obligat
447 2277 563 2350 quidem
597 2291 723 2346 semper,
755 2273 804 2330 sed
838 2291 894 2329 non
927 2291 981 2346 pso
1042 2343 1051 2350 ,

23 2363 114 2420 semper,
134 2364 160 2409 nt
174 2357 331 2430 loquuntur
347 2355 497 2430 Theologi‚
520 2353 555 2410 ao'
572 2355 695 2426 proinde
710 2353 978 2410 determinationem

23 2433 135 2499 temporis,
154 2437 182 2490 in
206 2452 262 2508 quo
284 2445 466 2505 praeceptum
495 2435 568 2490 illud
591 2434 723 2489 divinum
747 2435 787 2486 ita
809 2433 927 2504 obliget,
949 2441 982 2489 ut

22 2511 126 2568 orationis
143 2517 258 2570 omissio
280 2516 318 2568 sit
338 2524 506 2584 peccatum,
536 2531 572 2568 ex
593 2514 682 2568 variis
711 2512 898 2568 oecurrentiis
921 2520 981 2566 ten-

21 2588 137 2660 tationum,
156 2595 349 2666 periculorum
366 2602 393 2649 et
412 2595 614 2652 necessitatum
629 2592 766 2664 prudenti
782 2591 980 2648 aestimatione

21 2662 205 2735 dignoscendam
229 2689 308 2728 esse:
341 2691 372 2730 v
392 2691 418 2746 g.
441 2676 466 2727 si
489 2676 608 2736 tentatio
630 2673 731 2742 aliqua
752 2673 847 2742 gravis
869 2678 979 2742 urgeat,

21 2743 38 2794 ti
56 2754 144 2807 occatio
164 2739 328 2823 periculosa
349 2753 496 2822 peccandi
513 2755 670 2816 immineat,
694 2752 718 2805 si
738 2751 783 2804 dii
784 2751 898 2806 ficnltas
917 2767 980 2824 gra·

23 2824 153 2886 vissimain
175 2833 377 2888 observatione
406 2832 529 2904 alicujus
557 2833 704 2902 praecepti
735 2839 881 2898 occurrat,
911 2839 992 2889 lunc.

20 2900 172 2968 hauddubie
195 2917 313 2970 censent
333 2911 483 2984 Theologi‚
505 2912 649 2966 hominem
673 2909 709 2964 ad
731 2911 822 2966 Deum
844 2927 896 2982 per
918 2927 981 2968 ors

20 2981 100 3040 tionem
118 2989 215 3048 debere
237 3007 381 3046 recurrere
396 3000 430 3045 et
452 2990 513 3062 ejus
535 2992 678 3048 airxilium
694 2975 867 3062 suppliciter
881 2998 981 3060 postu-

19 3057 69 3116 lare
98 3069 180 3126 Addit
201 3072 287 3128 etiam
302 3069 447 3132 Navarrus
467 3069 553 3141 apud
566 3071 699 3131 Lessium
717 3071 770 3141 lib.
793 3071 820 3123 2.
844 3083 907 3138 cap
928 3068 980 3124 37

21 3137 270 3205 7707717777771)
293 3149 320 3206 3.
342 3151 556 3220 illumqucque
579 3151 668 3208 teneri
692 3133 729 3204 ad
751 3149 904 3213 orandum,
928 3145 979 3218 qui

20 3217 114 3280 advertit
139 3244 166 3282 se
194 3230 313 3288 alterius
343 3229 463 3286 exitium
492 3229 633 3304 impedire
662 3245 718 3286 non
742 3243 826 3298 posse
848 3227 905 3281 nisi
927 3240 1005 3294 per¹
1061 3235 1063 3241 ·

20 3303 151 3362 oraticnem.
200 3307 342 3364 Observnt
371 3316 484 3365 autern·
496 3316 569 3370 77777
598 3307 674 3368 idem
703 3307 834 3370 Lessios,
866 3309 979 3376 praeter
1039 3345 1043 3352 .

20 3374 105 3438 illosel
128 3389 196 3442 alios
226 3389 336 3444 similes
367 3404 449 3444 casus
478 3387 602 3458 obligari
631 3387 716 3442 etism
745 3397 977 3453 unramqnemque

19 3454 198 3522 adorationem
221 3467 281 3522 Deo
311 3466 508 3538 referendam,
534 3467 575 3520 ita
603 3474 632 3519 nt
657 3481 708 3534 per
737 3462 904 3520 diuturnum
926 3463 979 3518 ali-

19 3539 75 3602 7777
92 3552 209 3616 tempus,
238 3554 308 3618 puta
336 3562 387 3617 per
416 3563 502 3614 unum
532 3561 674 3616 mensem,
694 3544 840 3616 Ι71777777
862 3559 982 3616 prorsus
