2282 3876
90 125 154 192 498
313 112 317 148 ¹
351 180 353 190 .
384 138 421 185 cs
440 140 588 186 occsuoor
604 133 806 186 'rismum'

80 234 148 332 ιιι,
171 279 221 318 cur
241 263 333 318 cliens
348 277 434 317 causa
452 261 584 342 alioquin
601 261 682 334 justa
698 261 823 329 decidat,
845 270 950 334 peccat
972 269 1003 316 et
1023 262 1096 316 dam-

96 359 166 398 num
187 343 454 418 sslatnmressrcire
474 347 605 396 tenetur:
638 339 716 416 quod
739 342 827 396 etiam
849 342 991 396 similiter
1007 341 1098 397 dicen·

98 419 167 476 dum
188 431 285 477 censet
307 423 342 476 de
364 421 425 493 ejus
447 421 634 494 negligentia.

112 581 116 596 Ι
158 517 292 576 Secunda
319 506 448 576 conditio
476 527 519 572 est
535 517 652 589 justitia
672 516 704 572 iu
725 517 893 578 exhibendo
917 519 1094 588 patrocinio,

96 599 147 672 qui
169 599 248 660 euim
268 600 391 656 scienter
412 595 549 671 injustam
570 614 686 668 pausam
708 595 848 667 defendit,
871 597 990 668 absque
1012 599 1091 652 dubio

97 680 224 754 graviter
245 687 361 750 peccat,
389 685 419 732 ut
441 679 543 732 asserit
564 677 591 732 S.
613 675 720 733 Ductor
741 686 792 732 art.
815 677 842 732 3.
867 684 1043 748 teneturque
1059 677 1091 730 ad

98 757 307 814 restitutionem
330 757 444 826 damni,
473 752 549 828 quod
571 772 638 828 pars
660 753 782 812 adversa
802 758 944 824 incurrit,
973 759 1032 812 nisi
1050 771 1092 828 per

97 837 233 909 clientem
254 853 337 890 suum
358 835 542 899 resarciatur.=
582 835 666 902 Quod
687 835 712 890 si
733 852 820 891 causa
838 833 944 890 'dubia
966 839 1034 908 sit,
1051 852 1095 890 uec

98 919 168 974 satis
190 933 226 972 ex
247 924 367 986 utraque
394 923 474 987 parte
490 914 609 988 justitia
636 914 835 990 dignoscatur,
863 924 963 985 potest
987 917 1099 988 quiden

99 995 161 1070 ejus
189 995 384 1071 patrocinium
412 996 572 1066 suscipere,
603 995 759 1053 dummodo
783 1006 901 1066 paratus
932 997 988 1062 sit,
1018 1012 1101 1068 quam

97 1075 225 1147 primum
245 1074 282 1130 ab
303 1075 356 1130 ilio
374 1075 539 1144 ‚patrocinio
568 1073 728 1144 abstinere,
758 1075 784 1131 si
805 1076 835 1129 iu
859 1091 1023 1147 progressu
1043 1076 1100 1130 litis

100 1153 163 1228 ejus
185 1154 360 1226 injustitiam
382 1153 588 1226 deprehendat.
659 1219 661 1226 y
881 1147 886 1154 ’
1138 1186 1139 1254 p

124 1306 129 1316 ,
160 1249 188 1308 2.
232 1250 480 1320 Tertiacouditie
500 1259 545 1308 est
566 1250 602 1307 ab
625 1253 711 1306 omui·
733 1252 872 1308 avaritiae
902 1251 972 1306 labe
1003 1253 1103 1306 imma·
1138 1267 1139 1308 ι

100 1332 198 1398 nitae3
230 1332 351 1402 quamuis
372 1333 453 1395 enim,
481 1340 514 1386 ut
534 1330 612 1385 dixit
633 1332 660 1386 Β.
682 1331 863 1403 Augustinus
884 1331 971 1402 epist.
998 1330 1046 1386 54.
1068 1330 1104 1384 ad
1138 1311 1139 1370 i

100 1409 214 1469 mnes.
243 1409 390 1470 advocatae
410 1411 514 1479 jaacan
536 1412 731 1480 parronam,
761 1420 786 1466 et
807 1405 990 1480 jurisperitus
1016 1427 1102 1466 mersa

101 1491 241 1546 mattam
260 1491 332 1547 licita
353 1491 466 1544 verdae
482 1491 590 1561 possit:
621 1492 780 1560 patrocinii
801 1499 895 1546 mmen
919 1489 968 1544 rel
984 1492 1101 1557 consilii

101 1569 191 1632 tilius,
206 1571 333 1638 pretium
354 1568 500 1626 moderate
519 1571 652 1638 accipere
673 1567 775 1638 debet,
797 1571 987 1638 comiderotu,
1012 1581 1045 1625 ut
1065 1571 1102 1626 lo
1139 1552 1140 1644 i

102 1649 202 1718 quitur
222 1648 249 1702 S.
272 1648 379 1706 Denter
402 1656 454 1701 art.
477 1648 505 1702 t
534 1651 686 1706 conditiore
701 1667 893 1720 personarum,
923 1653 1100 1720 nepotianum,

102 1725 204 1806 hieria
224 1736 251 1780 et
272 1728 471 1787 mumdum
486 1731 609 1798 patriae.

162 1821 271 1890 Quarta
292 1822 420 1894 denique
436 1824 568 1880 conditio
589 1833 633 1880 est
652 1825 771 1892 caritas,
800 1833 996 1896 quateretur
1019 1827 1102 1882 advo

102 1909 193 1971 catus,
207 1918 368 1973 pauperum
380 1919 480 1958 causas
492 1905 639 1974 suscipere
649 1905 771 1978 illisque
780 1905 972 1974 patrocinari,
988 1907 1101 1978 quando

102 1981 190 2039 aliter
208 1983 282 2054 ipsis
296 1983 650 2056 subveniri-noupotest,
664 1984 767 2040 eadem
781 1986 901 2054 ratione,
926 2001 989 2058 qua
1012 1991 1101 2042 teneu-

103 2072 151 2118 ιιι
171 2077 280 2130 omues,
303 2065 502 2120 necessitatem
522 2065 645 2134 patienti
660 2064 876 2122 misericordiae
896 2079 973 2134 opus
997 2068 1102 2137 imper·

102 2141 180 2210 darr,
202 2150 234 2197 ut
254 2144 348 2198 {usius
366 2144 496 2213 explicat
517 2145 544 2198 8.
567 2144 675 2200 Ductor
695 2160 720 2199 a
745 2142 770 2198 1.
834 2195 840 2204 ,

544 2323 568 2398 ς.
597 2325 678 2382 ιιι·

65 2494 70 2504 ,
102 2416 146 2488 De
167 2434 275 2503 injuriis
297 2415 404 2492 donorio
425 2443 451 2488 et
463 2435 561 2504 samue
576 2451 631 2506 per
648 2435 838 2516 detractionem
859 2443 885 2488 et
906 2437 1101 2489 contumeliare.

164 2565 190 2623 1.
222 2567 347 2625 Honoris
369 2570 485 2623 nomine
506 2569 682 2641 intelligitur
701 2569 864 2625 testificatio
887 2569 1039 2640 quaedam
1059 2587 1101 2625 ex-

91 2644 409 2706 ·terior'excellentiae
440 2644 578 2716 alterius3
610 2663 663 2720 per
682 2649 795 2716 ,lamam
823 2664 892 2703 vero
920 2651 1105 2724 significatur

103 2729 259 2782 multorum
281 2729 456 2784 existimatio
476 2727 511 2784 de
534 2729 603 2800 vita,
625 2725 754 2782 moribus
776 2736 803 2783 et
823 2727 941 2783 actibus
963 2729 1104 2801 ejusdem,

103 2812 136 2859 ut
156 2805 240 2861 docet
262 2809 288 2862 S.
312 2807 436 2863 Thomas
462 2823 495 2878 qr
512 2805 550 2862 te
572 2815 599 2861 et
620 2806 666 2864 73.
697 2807 774 2861 unde
802 2822 853 2878 per
882 2807 1104 2875 detractionem,

103 2885 180 2940 lema
208 2889 377 2957 praesertim
405 2885 551 2954 laeditur;
583 2887 675 2942 honor
703 2903 772 2942 vero
800 2903 851 2957 per
876 2889 1101 2945 contumeliam:

102 2965 243 3020 detractio
275 2965 419 3042 siquidem
451 2971 494 3025 est
523 2967 634 3022 alienae
666 2967 768 3023 lamae.
789 2966 904 3022 occulta
935 2976 965 3022 et
996 2969 1100 3042 injusta

48 3103 53 3110 ,
102 3045 285 3118 denigrati03
318 3046 493 3100 contumelia
519 3062 588 3100 vero
617 3045 701 3100 addit
727 3061 831 3102 novam
858 3045 1025 3120 injuriam,
1053 3062 1099 3118 qua

102 3143 162 3182 nou
186 3131 297 3180 mutum
326 3125 415 3195 ianae,
444 3121 496 3196 se'd
524 3128 611 3180 etiam
639 3125 731 3180 honor
759 3127 904 3192 violatur3
937 3140 1001 3182 nou
1033 3128 1101 3182 euim

102 3204 216 3262 occulte
237 3208 268 3259 in
290 3202 434 3274 absentia,
464 3211 495 3260 ut
516 3207 548 3260 fit
568 3221 621 3276 per
641 3205 861 3274 detractionem,
883 3203 937 3259 sed
959 3221 1065 3262 coram
1083 3213 1106 3260 et

102 3283 133 3335 iu
162 3285 326 3352 praesentia
355 3285 447 3338 honor
474 3301 526 3356 per
554 3284 758 3340 contumeliam
785 3301 850 3340 cum
877 3285 1010 3358 quodam
1043 3303 1105 3343 con·

103 3367 213 3427 tempta
233 3364 392 3432 impetitur.
434 3363 480 3418 Ex
508 3368 564 3435 quo
596 3365 641 3430 nt,
670 3367 703 3418 ut
731 3366 863 3434 quamvis
893 3365 1042 3423 detractio
1071 3367 1107 3420 sit

39 3436 43 3448 '
103 3447 263 3504 exgenere
292 3456 344 3495 suo
371 3449 521 3510 peccatum
549 3443 671 3498 mortale
693 3444 859 3514 etquidem
884 3447 1103 3516 gravissimum,

103 3511 136 3558 ut
158 3511 436 3573 docsts.‘'1’homas
465 3528 574 3592 quaest.
597 3521 644 3577 73.
674 3529 726 3578 art.
748 3523 775 3578 2.
806 3525 983 3582 contumelia
1004 3530 1102 3582 nmen
