2356 3870
110 93 174 160 tto
394 107 431 150 na
454 103 601 172 nannoni
621 98 810 152 rasionrrrs.

478 339 481 344 ,
580 344 587 358 .
617 304 667 358 iv,

223 415 266 468 De
288 413 454 484 eleemosyna
474 302 613 482 spiritguli
633 419 659 464 et
680 409 842 464 correctione
856 409 1008 481 fraternus

179 550 317 606 linceis.
341 547 467 606 'ihomas
488 555 596 617 quaesi
619 544 667 600 32.
690 553 741 600 art.
765 544 792 600 1.
811 552 928 615 'septem
949 547 1127 616 praesertim

116 631 211 688 modis
233 628 421 702 spiritualem
438 628 651 695 eleemosynam
669 627 797 680 exerceri
817 639 914 695 posse,
937 627 1059 681 scilicet
1079 625 1130 680 do-

117 711 209 768 cendo
224 711 414 781 ignorantem,
437 705 590 763 consilium
605 703 703 760 dando
718 703 874 770 dubitanti,
898 705 1048 760 efflictum
1061 718 1130 760 con-
1173 742 1174 778 ³

118 788 255 855 solando,
285 786 468 855 corripiendo
490 792 677 856 peccantem,
707 784 859 838 tolerando
887 783 1025 856 b'enigno
1053 785 1130 850 iilos,

119 871 172 942 qui
199 883 300 941 graves
327 872 403 920 runt·
422 873 449 920 et
477 865 606 934 onerosi,
638 862 829 919 condonando
860 862 993 934 injurias
1023 871 1057 919 et
1085 879 1133 934 pro

122 949 198 1004 vivis
219 963 253 1001 ac
274 945 419 1000 defunctis
441 944 559 1000 orendo.
871 981 874 986 ,

181 1025 206 1082 1.
250 1026 293 1080 De
320 1026 375 1080 hae
404 1032 497 1082 nutem
526 1023 674 1094 spiritrnli
701 1023 886 1093 eleemosyna
914 1022 1019 1092 idem,
1056 1023 1134 1095 quod

120 1105 157 1162 da
178 1105 338 1175 corporali,
361 1103 517 1160 dicendum
539 1111 597 1170 est,
625 1111 741 1158 servsta
761 1110 858 1158 tamen
880 1102 988 1157 debita
1011 1119 1136 1174 propor-

120 1188 221 1244 tione:
255 1186 368 1242 scilicet
395 1195 629 1254 unumquemque
660 1184 752 1238 teneri
777 1197 811 1238 eo
833 1197 889 1254 quo
919 1189 1028 1251 potest
1051 1181 1137 1238 modo

119 1267 157 1328 ad
185 1264 412 1322 succurrendum
440 1263 574 1334 proximo
602 1263 758 1316 constituto
779 1263 812 1316 in
833 1269 966 1316 extrema
990 1269 1023 1316 et
1046 1278 1139 1319 mora·

122 1347 189 1402 liter
210 1343 403 1414 insuperabili
424 1343 594 1398 necessitate
615 1341 773 1414 spirituali,
795 1349 828 1395 ut
848 1341 962 1396 dictum
989 1351 1040 1396 est
1063 1341 1091 1414 3.
1112 1342 1136 1397 2.

119 1434 151 1482 et
171 1423 258 1482 etiam
282 1424 314 1478 in
342 1423 438 1496 gravi,
467 1422 500 1478 id
526 1428 570 1475 est
598 1419 715 1492 quando
742 1421 860 1479 nonnisi
888 1436 978 1492 aegre
1011 1430 1044 1478 et
1077 1439 1139 1477 cum

124 1520 245 1562 summe·
258 1503 430 1558 dificultate
457 1499 612 1559 necessitas
640 1501 695 1554 illa
720 1501 882 1569 spiritualis
911 1503 1061 1570 superari
1091 1518 1138 1572 po·

122 1592 196 1640 test:
228 1583 359 1653 quemvis
381 1583 453 1636 haec
474 1579 615 1653 obligatio
633 1579 822 1636 succurrendi
842 1581 873 1632 in
894 1580 984 1650 gravi
1009 1583 1138 1637 necessi·
1176 1623 1177 1640 .

122 1671 179 1718 lata
199 1661 347 1730 spirituali
368 1675 425 1714 uon
448 1659 523 1714 adeo
542 1662 643 1714 strieta
664 1660 702 1713 sii
722 1661 760 1714 in·
776 1659 888 1725 Laicis,
914 1673 949 1713 ae
973 1661 1012 1714 in
1036 1662 1137 1716 Sacer·

122 1739 254 1806 dotibus,
276 1739 337 1794 illis
358 1740 542 1808 praesertim,
570 1739 677 1809 quibus
699 1739 859 1794 animarum
880 1753 951 1794 nura
975 1743 1140 1796 commissa

122 1826 182 1887 est,
210 1820 261 1890 qui
282 1817 406 1888 proinde
427 1820 538 1874 ratione
566 1819 656 1875 cilicii
677 1818 851 1874 suidebsnt
873 1820 1029 1874 iustruere
1054 1822 1137 1893 iguo·

122 1907 216 1958 rantes
246 1897 286 1952 de·
310 1897 395 1954 rebus
421 1899 499 1968 illis,
530 1913 605 1969 quae
632 1896 671 1952 ad
697 1899 818 1953 salutem
845 1899 1019 1954 necessaria
1050 1909 1135 1964 sunt3

123 1979 278 2036 consilium
306 1985 416 2034 rectum
445 1978 480 2034 de
501 1977 605 2033 lisdem
633 1978 719 2032 rebus
740 1975 921 2032 adsalutem
950 1980 1136 2034 necessariis

122 2058 280 2130 praeberes
313 2060 381 2114 item
403 2059 518 2116 efflictis
545 2073 632 2128 quam
652 2065 773 2128 possunt
800 2057 970 2127 impendere
997 2061 1139 2114 consola-

124 2141 246 2206 tionem,
280 2154 327 2194 ne¹
343 2138 486 2194 melorum
511 2136 639 2207 pondero
671 2138 803 2206 oppressi
831 2140 862 2191 in
891 2135 1141 2212 desperationem

123 2218 277 2285 incidant3
307 2217 445 2272 similiter
465 2225 492 2272 et
513 2217 637 2272 allorum
652 2215 781 2275 deiectus
803 2217 934 2283 tolerare,
958 2217 1142 2274 condonare

123 2296 259 2368 injurias,
292 2298 437 2366 corripere
467 2303 635 2366 peccantes,
667 2311 702 2352 ac
730 2311 783 2366 pro
813 2297 887 2349 vivis
918 2302 947 2349 et
981 2295 1142 2352 defunctis

124 2391 222 2443 orare,
252 2377 363 2447 quoties
385 2375 417 2429 id
437 2376 475 2430 ab
496 2376 559 2430 iliis
588 2377 717 2430 caritatis
746 2376 817 2430 ordo
846 2383 896 2430 aut
914 2377 1056 2431 muneris
1080 2379 1141 2432 sibi

126 2455 259 2528 impositi
278 2457 351 2510 ratio
374 2456 472 2525 exigit.
496 2466 498 2472 ’
568 2479 570 2482 -

129 2559 132 2566 ·
184 2533 211 2592 2.
254 2536 361 2590 Verum
381 2533 539 2603 peculiaris
560 2544 604 2589 est
624 2535 782 2590 difficultas
811 2535 888 2588 cirea
907 2537 1134 2592 correctionem

123 2617 279 2672 fraternam
293 2614 494 2686 peccantium:
528 2631 589 2685 quo
608 2616 724 2670 nomino
739 2629 756 2668 a
771 2613 925 2686 Theologis
946 2613 1138 2686 intelligitur

125 2696 336 2766 qualiacunque
355 2709 462 2760 sermo,
484 2709 542 2764 quo
564 2695 629 2764 quis
651 2694 698 2749 vel
720 2692 877 2759 movendo,
901 2693 956 2748 vel.
970 2697 1138 2762 reprelien-

124 2771 229 2840 dendo,
253 2775 300 2827 vel
321 2773 473 2840 hortando,
496 2774 543 2828 vel
564 2773 703 2846 rogando,
725 2774 772 2828 vel
792 2772 972 2839 instruendo,
997 2782 1045 2828 aut
1067 2776 1139 2829 alia

124 2852 216 2906 simili
238 2855 348 2908 ratione
369 2854 472 2908 nititur
493 2854 657 2923 proximum
679 2869 696 2906 a
716 2860 833 2920 peccato
857 2867 1011 2922 revocare,
1040 2861 1073 2908 et
1098 2855 1139 2908 ad

124 2930 253 2986 officium
281 2934 473 3002 virtutemque
506 2931 655 2998 reducere,
689 2932 776 3002 idque
804 2931 842 2986 ob
870 2931 963 3000 ipsius
997 2935 1135 3002 proximi

125 3011 277 3082 proprium
299 3027 332 3065 ac
351 3013 502 3080 peculiare
523 3012 641 3066 bonum.
734 3045 736 3048 -

130 3117 135 3126 ·
184 3091 226 3145 De
244 3092 302 3144 luae
322 3098 417 3144 autem
440 3091 566 3146 fraterno
579 3091 755 3148 correctione
771 3092 961 3160 supponimus
983 3098 1136 3162 tanquam

125 3179 235 3230 certum
256 3167 573 3240 inesse'obligationem
594 3170 633 3224 ed
652 3171 736 3226 illem
753 3169 924 3246 faciendam,
948 3183 1008 3224 non
1030 3173 1138 3228 solum

127 3267 164 3305 ex
185 3249 320 3314 consilio,
350 3246 401 3302 sed
423 3249 508 3304 etiam
534 3265 570 3303 ex
590 3257 760 3319 praecepto,
789 3258 821 3304 ut
842 3249 926 3304 docet
946 3251 974 3304 S.
999 3250 1136 3306 Thomas

127 3345 174 3397 qu.
197 3329 245 3383 33.
267 3336 319 3381 art.
341 3327 368 3382 2.
391 3336 419 3381 et
439 3343 505 3382 eum
525 3345 558 3384 eo
578 3329 719 3400 Theologi
740 3345 848 3396 omnes,
871 3328 977 3399 quiid
998 3345 1139 3386 commu·

127 3406 201 3458 niter
221 3405 347 3474 probant
375 3421 411 3460 ex
438 3406 483 3460 his
506 3407 614 3464 christi
635 3409 752 3464 Domini
780 3408 875 3464 verbis
897 3409 923 3463 S.
947 3408 1050 3463 Mettis.
1085 3410 1133 3464 18.

126 3480 160 3531 Si
182 3486 386 3549 peccaveritis
408 3494 432 3538 te
445 3485 540 3554 fioter
567 3496 640 3551 tuns,
671 3489 738 3544 eade
760 3498 785 3542 et
806 3489 910 3558 συνήρα
938 3504 996 3542 eom
1019 3498 1073 3542 eto.
1100 3489 1135 3542 id
