2356 3870
119 117 182 191 402
406 131 443 178 ιι
464 127 610 175 ιιιιιιιι
631 125 820 190 neuturus

122 261 308 328 baymannus
328 251 449 308 biorn
470 293 473 300 ,
492 249 589 306 Primo
618 263 655 310 ea
681 251 746 319 ipso
769 255 833 302 antu
862 247 1014 302 vovendi:
1048 255 1081 302 nt
1101 249 1126 302 si

123 338 188 408 quia
210 335 320 406 absque
341 335 482 403 perlaeta·
495 329 707 384 deliberatione
735 343 771 382 ex
794 325 925 398 ¹quadarn
947 329 1127 398 praecipita-

124 419 203 472 tione
230 415 277 469 vel
305 413 394 466 enimi
422 411 540 466 levitate
572 407 686 480 aliquid
712 408 841 474 noterit,
874 415 907 462 ut
933 406 1064 462 babetur
1091 423 1126 461 ox

123 511 188 566 ιιι).
213 494 241 548 2.
271 493 309 548 de
336 499 411 547 voto.
453 488 586 546 Secundo
614 503 650 544 ox
676 487 797 544 matoria
823 487 900 553 voti,
930 487 957 541 si
985 487 1127 542 nimirum

125 581 253 646 spectata
274 571 403 642 eorporis
426 569 643 636 constitutions,
667 567 760 622 animi
779 565 986 622 imbecillitate
1007 574 1038 622 et
1059 567 1126 620 aliis

125 651 272 710 sirnllibut
288 639 541 721 dispositionibus,
560 648 739 718 dispensatio
753 649 815 700 voti
827 647 860 700 ln
875 645 1017 718 majorem
1033 647 1125 716 ipsius

125 733 258 789 voventis
287 731 441 786 utilitatem
469 728 649 798 spiritualem
677 723 768 798 (quae
794 727 965 796 praesertim
990 726 1042 780 hie
1060 739 1125 795 npe-

126 811 234 869 otaoda
259 808 313 878 est)
342 823 456 863 cessura
480 807 625 862 uideatur.
652 805 767 864 'Tertio
795 820 832 860 ex
861 805 1042 860 diffloultate
1068 807 1127 860 noti

127 887 311 960 adimplendi
331 893 433 958 postea
460 885 695 956 superveniente,
724 885 772 940 vel
799 892 865 939 ante
893 899 960 954 non·
977 887 1126 954 praevisa.

127 971 235 1038 Quarto
256 967 382 1038 deniqne
401 981 440 1022 ex
461 967 562 1038 aliqua
581 967 752 1020 necestitate
779 963 906 1022 notabili
926 965 974 1019 vol
996 966 1127 1020 utilitate

125 1061 232 1120 ιιιιιι
252 1046 438 1116 reipublicae
459 1053 512 1100 ant
531 1047 618 1101 otiam
646 1044 790 1112 familiae,
817 1051 851 1099 ut
871 1044 897 1098 ai
918 1045 983 1114 quis
1008 1045 1128 1116 longam

126 1127 257 1182 'vovisset
269 1127 541 1198 peregrinationem
563 1139 628 1180 oum
646 1130 812 1194 praestaret,
834 1123 919 1178 illum
939 1123 1131 1194 'reipublicae

128 1206 272 1278 regendae
293 1214 343 1260 aut
363 1205 569 1277 gubernandae
597 1204 725 1258 familiae
748 1205 847 1273 petius
872 1205 1025 1258 interesset
1068 1205 1132 1271 Quo

36 1347 41 1360 A
127 1298 197 1342 vero
219 1285 312 1358 majus
333 1301 383 1340 seu
405 1284 522 1356 dignius
542 1292 586 1339 est
607 1281 721 1351 return,¹
737 1295 770 1337 eo
791 1283 877 1341 etiam
899 1283 994 1354 major
1015 1289 1045 1338 ei
1067 1298 1131 1356 gra·

127 1365 194 1422 nior
214 1381 302 1422 oauaa
322 1365 489 1436 requiritur,
511 1371 543 1417 ut
562 1363 643 1418 licite
665 1370 693 1418 et
713 1361 811 1416 valide
833 1363 992 1432 superillo
1008 1363 1132 1434 dispen-

128 1447 189 1502 sari
204 1446 315 1516 possit,
346 1451 375 1499 et
394 1452 427 1499 ut
446 1443 603 1513 plurimum
629 1441 667 1498 ad
688 1441 824 1512 mojorem
847 1443 989 1496 nautelatu
1012 1444 1131 1498 eonsul-

128 1532 191 1579 tnm
213 1525 263 1592 ost,
284 1525 366 1594 pinna
381 1522 502 1596 aliquod
523 1536 597 1592 opus
613 1521 798 1592 posmodum
819 1521 970 1594 eujusdam
990 1534 1132 1592 compan-

128 1604 251 1659 aationis
273 1601 424 1674 injungere
445 1601 506 1667 illi,
528 1617 594 1656 oum
615 1615 674 1672 quo
695 1599 896 1670 dispensatore

190 1682 332 1748 Quaeres,
361 1693 396 1734 an
424 1681 502 1736 siout
523 1679 673 1735 Praelatus
686 1685 689 1692 '
702 1695 766 1736 oum
794 1679 936 1747 subditis,
966 1681 1013 1734 sio
1043 1682 1130 1736 etiam

128 1760 222 1831 possit
250 1773 346 1814 seeum
374 1761 405 1812 in
433 1759 560 1830 propriis
587 1753 665 1816 rotie
695 1759 870 1830 dispensare.
913 1759 1130 1830 Respondetur.

127 1853 214 1911 poree
233 1837 386 1907 indireote,
407 1838 505 1894 dando
526 1840 617 1894 alieni
636 1855 674 1894 ex
692 1838 817 1896 subditis
838 1846 1009 1909 potestatem
1033 1854 1131 1896 roenna
1172 1893 1173 1911 ι

129 1917 331 1988 dispensandi,
352 1921 430 1974 siout
444 1919 592 1976 Sacerdoti
614 1919 810 1974 sibi-subdito
829 1919 899 1973 dare
918 1925 1019 1988 potest
1039 1921 1132 1974 laent-

129 2005 227 2066 tatem,
247 2011 308 2070 qua
327 1997 424 2069 ipsum
446 2013 463 2052 a
483 2000 610 2070 peooatls
625 1999 683 2058 sibi
698 1999 849 2054 reservatis
863 1999 1006 2054 absolvat.
1038 1999 1133 2056 Addit
1171 2047 1172 2054 ,

131 2078 247 2134 Loesius
277 2092 364 2148 supra
385 2077 453 2138 dub.
480 2077 524 2133 ll.
552 2094 635 2148 posse
662 2079 748 2132 illum
776 2079 863 2134 etiarn
891 2077 1002 2132 directe
1033 2093 1132 2134 seeum

130 2158 163 2211 iu
186 2157 260 2214 votis
281 2173 318 2211 ex
339 2172 425 2212 eausa
440 2157 522 2228 justa
539 2157 718 2228 dispensare,
739 2157 901 2228 probatque
922 2173 960 2212 ex
980 2173 1028 2226 eo,
1052 2159 1132 2230 quod
1170 2163 1171 2199 l

131 2235 291 2291 seeundum
314 2235 474 2293 doetrinam
495 2235 523 2292 S.
540 2237 678 2304 Thomas,
701 2251 787 2308 qnam
807 2237 919 2291 ibidem
936 2239 1018 2305 nitet,
1039 2241 1133 2308 possit

132 2309 193 2370 ribi
214 2315 272 2386 ipsi
294 2315 592 2387 dare'intlnlgentias.
648 2348 652 2356 ,
680 2351 682 2356 ,
758 2337 760 2346 ’
1169 2289 1170 2343 ¹

192 2394 222 2450 8.
263 2393 387 2462 Quartus
415 2395 541 2468 denique
567 2395 682 2466 tnodus,
716 2411 773 2467 quo
802 2409 912 2451 tessare
939 2401 1040 2466 potest
1072 2399 1132 2452 voti
1168 2429 1169 2468 ι

130 2473 286 2546 obligatio,
309 2482 351 2529 ost
370 2489 422 2544 per
441 2475 536 2545 ipsius
556 2477 619 2530 voti
640 2477 910 2531 commutationem:
943 2477 1025 2530 oiroa
1046 2493 1132 2547 quam
1168 2469 1169 2486 ¹

132 2554 257 2610 dicimus
287 2556 397 2624 primo,
429 2564 513 2628 posse·
544 2559 697 2610 voventem
728 2556 847 2626 propria
873 2568 927 2610 ana
955 2555 1130 2611 authoritate

131 2641 231 2689 votum
252 2649 335 2689 tuum
358 2635 532 2689 commutare
552 2633 584 2688 in
605 2634 647 2702 id,
670 2634 748 2704 qnod
764 2636 900 2706 spectetis
922 2636 1060 2690 omuibus
1076 2651 1131 2690 me

132 2713 191 2767 lius
220 2721 263 2768 est
290 2721 318 2768 et
339 2713 399 2770 Deo
428 2706 587 2784 eonomine,
615 2713 773 2770 dnmmodo
801 2721 897 2768 tamen
924 2721 1024 2770 uotum
1050 2714 1132 2768 illud

130 2803 189 2858 nen
218 2794 256 2846 ait
286 2809 396 2848 summo
426 2794 559 2848 Pontidol
587 2800 771 2850 reservatum.
814 2793 858 2848 lta
883 2794 984 2861 Setos,
1017 2794 1132 2849 Sontes.

133 2869 259 2924 Anorius
287 2878 315 2924 et
342 2873 409 2942 alii,
441 2889 513 2944 quos
541 2873 611 2928 oitat
638 2879 666 2927 et
693 2875 824 2944 sequitur
850 2874 1039 2944 Itoymannus
1067 2891 1130 2943 sup.

133 2963 197 3023 ιιι).
218 2948 246 3003 8.
270 2955 298 3004 et
319 2957 430 3005 constat
451 2968 487 3006 ex
508 2967 571 3022 ιιι).
596 2951 621 3007 1.
644 2951 680 3007 de
701 2959 778 3020 voto,
799 2959 886 3008 etex
908 2965 971 3022 oap.
993 2953 1129 3011 Pervenit.

133 3028 170 3083 de
186 3027 393 3100 jurejurando,
416 3030 468 3086 ubi
488 3031 611 3099 dicitnr,
641 3033 722 3102 quod
736 3034 900 3102 prooairsum
920 3051 973 3086 uon
993 3033 1130 3104 hoiiuyit,

132 3110 180 3181 poi
200 3110 268 3163 illud
288 3110 316 3162 io
330 3111 430 3164 trelius
455 3119 606 3166 conmutat.
647 3113 709 3167 lmo
738 3111 822 3168 dooet
843 3113 870 3167 S.
893 3113 1036 3180 Thomas,
1065 3120 1132 3166 vota

131 3192 336 3260 quaeeunque,
355 3190 449 3244 etlam
470 3197 580 3246 tumme
602 3192 737 3247 Pontifici
759 3197 917 3259 reservata,
938 3194 1061 3262 propala
1083 3207 1133 3246 ou-

127 3265 237 3338 jusquo
258 3268 433 3324 authoritate
460 3271 631 3326 commutari
658 3272 794 3341 possein
816 3278 884 3326 vota
904 3271 973 3339 illa,
1004 3277 1078 3342 quae
1103 3273 1131 3324 in

132 3345 313 3411 protensione
334 3347 471 3419 religiosa
494 3350 676 3418 emittuntur,
707 3349 787 3422 quod
814 3366 948 3423 expresse
971 3350 1133 3406 declaravit

133 3422 302 3478 Alexander
322 3423 372 3479 111.
403 3441 465 3496 ιιι).
493 3427 650 3498 Serapture,
680 3429 716 3484 tle
743 3437 826 3499 roto,
853 3430 906 3486 ubl
935 3429 1021 3498 (linit,
1051 3429 1133 3501 qnod

132 3509 195 3549 roua
208 3501 299 3566 stuata·
314 3505 373 3558 uoti
391 3521 444 3558 nou
465 3506 585 3572 labetur,
607 3510 655 3579 qui
675 3511 821 3580 temporalo
841 3511 994 3582 obsequium
1015 3512 1044 3564 iu
1059 3527 1133 3580 per-
