2316 3866
309 187 348 232 aa
367 187 491 232 rannus
512 186 653 231 normula
886 207 888 210 -
925 165 989 238 biiii

32 309 158 364 exiinsaoo
177 315 267 362 tamon
288 308 383 374 timet,
409 323 444 362 ne
461 303 577 378 judicio
598 323 650 362 atro
671 307 852 378 speculativo
874 307 911 364 (le
933 309 988 368 tati

30 389 220 445 revelacione
239 385 357 445 subesse
377 387 472 458 possit
491 387 593 456 aliqua
613 387 736 443 inialtas.

72 468 118 522 liae
130 467 321 523 observatione
335 465 487 540 supposita
504 465 644 533 uicinum
661 467 775 524 licitum
789 467 910 538 quidem
923 481 985 525 asae

27 548 113 616 operari
137 562 169 600 cn
195 561 363 616 quacunque
389 543 528 614 opinione
555 544 706 614 probabili
733 559 799 602 oum
828 548 985 604 iorrnidlnc

24 627 154 682 extrinseca
170 633 197 681 et
216 624 406 695 speculativa,
429 641 571 696 nusquam
588 639 657 682 vero
679 641 743 681 cum
765 626 920 680 tormidine
940 630 986 681 ln·

25 707 122 760 trinaeca
139 714 163 760 ot
180 706 316 774 practica.
356 703 442 760 Ratio
464 707 576 774 primae
597 707 687 774 partis
709 705 796 777 liujus
817 707 984 765 assertionis

22 793 66 853 cst,
83 786 139 855 qula
156 785 276 840 formido
296 785 352 840 iila
373 785 547 854 extrinseca,
570 800 643 854 quae
665 786 829 856 cuicunque
850 786 985 855 opinioni

20 864 173 934 quantumvis
202 863 353 933 probabili
387 877 500 934 semper
515 863 688 934 conjuncta
721 872 780 933 eat,
822 864 895 919 allas
926 881 985 920 non

18 951 87 998 essct
102 944 205 1014 mplius
225 944 342 1014 opinio,
371 943 424 999 aad
452 943 574 1003 scicntia
602 945 651 1001 val
672 944 772 1015 aliqua
793 945 852 1000 alia
872 946 984 1015 speclea

20 1023 177 1092 cognitionis,
201 1039 258 1080 nou
280 1022 405 1096 impedit
426 1021 497 1094 quin
518 1038 641 1094 operans
663 1039 699 1078 ox
720 1023 858 1094 opinione
878 1024 984 1094 proba·

19 1101 69 1154 bili
87 1103 220 1160 recnntlum
241 1111 350 1158 rectam
371 1104 512 1158 rationem
531 1111 674 1172 operetur,
698 1105 767 1172 quia
787 1111 819 1157 ut
840 1120 876 1157 ex
898 1105 984 1158 dictis

17 1182 168 1254 paragrapho
193 1181 381 1253 praecedenti
409 1189 534 1252 constat,
563 1183 693 1253 sequitur
714 1184 745 1238 in
768 1181 916 1252 operando
936 1182 985 1236 vel

18 1260 119 1316 solidam
133 1263 257 1333 aliquam
279 1262 430 1328 rationem,
451 1262 499 1315 vel
515 1262 717 1318 authoritatem
739 1274 857 1334 gravem·
870 1259 985 1316 carlina

18 1338 122 1411 dignun,
141 1341 214 1413 qnod
233 1349 369 1398 consetur
395 1342 539 1408 suficere,
568 1348 600 1398 ut
622 1341 737 1396 dicatur
763 1349 839 1396 recte
860 1341 983 1410 operari.

17 1417 86 1476 ilatio
102 1421 235 1477 secundae
253 1423 346 1491 partis
369 1419 498 1492 q'usdem
515 1423 682 1476 assertionis
703 1428 754 1489 est,
777 1421 846 1492 qnia
860 1425 899 1474 nt
919 1421 985 1490 quii

18 1508 79 1555 rante
94 1509 228 1570 operclum
245 1499 334 1555 urbm
355 1513 416 1554 ease
437 1499 585 1556 moraliter
602 1505 714 1569 ‘certus‚
740 1507 768 1555 et
789 1499 869 1570 apud
887 1515 920 1554 sc
935 1499 984 1570 ju·

18 1577 80 1634 licio
96 1581 240 1636 intrinseco
261 1579 399 1646 statuero,
424 1579 574 1650 quoditie
595 1587 624 1635 ct
643 1593 736 1648 nuno,
758 1581 815 1636 boc
836 1580 884 1634 vel
905 1575 984 1633 illud
1055 1578 1059 1586 '

19 1671 82 1728 sgcrc
98 1659 140 1714 rel
158 1661 288 1715 omittere
301 1697 304 1702 ·
317 1660 380 1713 sine
402 1667 520 1728 peccato
547 1661 654 1730 possit,
683 1659 763 1730 qnod
788 1660 905 1730 quidam
927 1667 984 1714 s-ta-

18 1743 190 1810 maspetum,
213 1739 347 1810 quamvis
369 1746 462 1794 certus
483 1752 542 1793 non
563 1741 617 1806 sit,¹
641 1740 700 1794 imo
723 1739 907 1796 formidinem
930 1739 985 1794 aii·

19 1829 83 1884 ann
101 1817 207 1888 habeat,
229 1818 308 1889 quoti
326 1819 360 1871 in
377 1815 492 1888 judicio
506 1818 687 1888 speculativo
703 1835 790 1889 snper
808 1821 863 1874 tali
884 1832 915 1873 re
939 1817 984 1874 rol

16 1899 102 1954 actione
126 1898 187 1953 iulii
213 1899 316 1968 possin
359 1897 433 1964 Quia
457 1897 603 1969 judicium
632 1899 709 1956 illud
740 1902 901 1970 practicetur
931 1904 981 1965 eat,

16 1979 122 2044 proxima
139 1978 237 2050 regula
252 1977 398 2032 munuum
413 1977 613 2045 humanarum,
631 1976 779 2050 judicium
801 1987 896 2034 auteur
917 1991 982 2047 spe·

17 2057 145 2114 cuiatirum
170 2065 213 2114 est
237 2064 349 2111 tantum
377 2063 505 2124 remota3
537 2063 581 2110 eri
607 2065 702 2112 antem
731 2059 923 2114 necessarium
945 2053 982 2110 ao

17 2138 186 2194 rectitudinem
207 2137 347 2192 moralem
367 2136 564 2207 cujuscunque
579 2138 703 2192 actionis
723 2144 756 2192 ut
774 2137 925 2208 proximae
940 2149 983 2187 rc-

17 2215 79 2282 quire
90 2217 222 2289 dirigenti
243 2213 283 2270 ait‘
300 2217 478 2284 ooniormlst
511 2216 566 2270 erit
580 2223 674 2271 autam
689 2216 855 2285 ooniormia,
875 2215 902 2269 si
914 2228 983 2284 ope-

16 2307 63 2348 rans
80 2304 166 2352 certus
185 2297 224 2350 sit
244 2295 391 2350 moraliter
412 2310 443 2350 so
464 2303 540 2350 rorte
567 2297 697 2366 operari,
728 2297 860 2367 quamvis
876 2309 983 2366 specu

16 2371 82 2502 listina
98 2387 150 2432 non
172 2377 216 2430 ita
234 2375 273 2428 sit
297 2373 405 2442 carius,
434 2375 485 2431 aed
513 2375 699 2430 formidinem
728 2377 856 2446 aliquam
877 2375 985 2430 habeut

32 2457 200 2525 conposito..
289 2478 298 2489 ··
324 2493 327 2500 ·
555 2469 557 2477 ’
632 2453 637 2458 ’

58 2533 128 2592 Dicet
147 2531 360 2604 aliquissosa'e
383 2539 500 2588 cerium·
516 2541 543 2587 ct
561 2549 624 2593 non,
643 2537 705 2589 eise
734 2540 856 2598 cerium,
885 2531 982 2587 videri

15 2609 71 2664 inter
82 2629 106 2669 sc
118 2612 351 2683 contradictoria,
372 2627 426 2668 nee
441 2612 565 2683 prolude
579 2616 611 2668 ln
627 2612 727 2668 eoticm
742 2619 878 2683 operante
893 2609 982 2666 simui

15 2701 79 2754 potae
97 2695 220 2765 reperiri.
972 2695 977 2702 '

57 2769 254 2844 Respondemr,
275 2771 331 2824 illa
350 2783 416 2824 uon·
430 2786 490 2825 csse
510 2769 742 2839 contradictoria,
765 2770 834 2841 quia
854 2769 923 2826 iicet
945 2770 982 2827 da

14 2847 103 2917 colem,
127 2859 300 2909 nontamen
328 2850 430 2904 eodem
454 2850 540 2931 motio
562 2851 718 2918 dicuntur3
750 2856 876 2920 operans
901 2852 978 2906 onim

15 2934 89 2982 oenus
105 2940 149 3000 cst,
170 2929 250 3004 quod
273 2927 352 2984 licite
373 2936 442 2984 tunc
461 2931 574 3000 operari
589 2937 684 3000 potest
704 2945 741 2986 ex
762 2931 901 3001 opinione
915 2945 981 3001 pro·
1034 2963 1038 2970 -

15 3001 96 3076 babili,
121 3010 258 3083 quamvis
276 3008 396 3065 aliunde
424 3025 482 3066 nou
504 3009 681 3066 aitomuino
702 3018 796 3066 cerins
817 3011 853 3065 tia
874 3010 984 3065 validis

15 3087 53 3138 bia
69 3086 182 3146 rationis
199 3089 248 3144 vol
268 3085 479 3156 *authoriiailsf
498 3105 555 3159 qna
580 3091 681 3160 opinio
701 3091 755 3145 illu
784 3092 910 3159 nititur‚·
930 3087 980 3142 sc‘d

15 3157 92 3248 laboti
109 3170 293 3226 lormitlincnr
320 3169 449 3238 aliquam
472 3168 507 3226 da
528 3171 670 3240 opposito.
714 3169 798 3238 Quod
822 3171 899 3222 culm
921 3181 980 3220 cer-⁴

17 3242 83 3300 titolo
107 3252 234 3319 practica
255 3247 375 3304 moralia
401 3263 458 3302 non
485 3249 624 3304 excludat
652 3265 765 3306 ornnem
793 3243 979 3301 formidinem

16 3326 200 3406 prenistinam,
223 3325 276 3383 sad
293 3341 359 3380 cnm
380 3327 434 3381 illa
454 3329 486 3384 iu
507 3328 609 3384 codem
623 3335 759 3398 operante
779 3325 982 3394 reperiri‘pos·

17 3405 55 3462 Μ,
73 3406 172 3464 ciarum
200 3416 244 3463 est
265 3406 474 3474 exscriptum
496 3407 581 3462 Pron.
604 3405 652 3461 28.
693 3407 798 3460 Bautae
816 3403 904 3467 inmo,
933 3403 982 3479 qai

15 3489 93 3546 l‘'llir
110 3497 148 3544 eat
161 3487 292 3560 panitiae.
332 3484 468 3560 Philipp
487 3485 514 3540 θ.
551 3483 617 3542 cam
638 3488 731 3540 timore
751 3493 778 3538 et
798 3492 911 3538 tranare
931 3501 981 3542 aa·

17 3551 76 3612 istem
99 3577 221 3624 ommam·
244 3566 404 3640 operamini.
454 3565 503 3628 Ex,
530 3567 635 3637 quibus
666 3572 694 3622 ei
725 3564 871 3622 similibus
905 3565 979 3622 locis
