2348 3868
140 141 204 216 120
432 133 436 140 ⁴
468 165 506 208 on
526 161 688 210 annumero
702 153 824 210 ussum

586 361 612 435 s.
633 289 684 419 ui.

140 471 184 532 Aa
204 471 309 528 Missae
336 470 497 540 sacrficium
519 487 574 542 pro
600 469 722 540 pluribus
749 469 866 524 oblatum
892 477 995 524 tontum
1021 472 1149 542 stupetis

273 552 371 624 prosit,
395 558 522 621 quantum
542 551 568 604 si
585 567 641 623 prol
656 566 709 608 ooo
730 549 815 609 solum
835 549 986 620 offerretur.
1029 549 1032 557 '

152 685 155 694 '
201 680 227 737 l.
257 679 488 752 Supponendurn
502 685 593 736 estex
607 679 1146 752 conruunttheologorum-doctrina,

138 761 217 834 quod
239 760 370 835 quamuis
390 761 565 816 sucrificium
585 760 693 816 Missae
719 762 757 816 ait
776 761 808 814 ln
828 775 859 816 se
882 760 991 814 ‘valoris
1010 762 1146 829 ‘induiti

138 847 198 896 tum
219 841 330 896 ratione
351 840 394 894 rei
414 833 543 907 oblatae,
565 854 652 911 quern
672 841 846 912 principalis
871 840 1032 908 merentia,
1054 841 1148 916 eujus

140 919 267 992 dignitas
289 927 317 974 ct
337 919 513 978 excellentia
533 919 648 974 induite
673 927 734 986 cst3
765 919 955 974 nihilominus
977 921 1148 976 efficientia

139 999 168 1056 'ei
187 999 315 1054 influxus
336 1000 459 1054 actualis
479 999 573 1068 ipsius
594 1000 733 1055 sacrificii
753 1003 797 1054 est
821 999 1002 1055 solummodo
1025 1001 1147 1069 linitus,

137 1083 171 1133 ut
198 1077 283 1134 docet
303 1079 331 1134 S.
355 1077 479 1134 Thomas
508 1079 539 1134 in
561 1078 589 1132 4.
619 1078 686 1133 dist.
714 1078 762 1134 tu.
792 1086 900 1149 quaest.
929 1078 956 1132 2.
981 1087 1035 1134 art.
1058 1081 1092 1134 4.
1119 1091 1148 1135 et

138 1166 206 1230 post
224 1159 311 1214 illum
331 1157 491 1227 Nouanus,
513 1159 722 1230 Bonamicus,
746 1157 874 1226 ‘Palatua
895 1158 998 1213 suares
1020 1167 1051 1214 et
1072 1161 1145 1230 plu·

139 1252 184 1294 res
212 1239 278 1305 alii,
308 1253 379 1309 quos
408 1239 477 1292 citat
503 1246 532 1292 et
559 1238 690 1308 sequitur
717 1237 914 1308 Layman'nus
931 1245 1011 1292 tract.
1043 1241 1071 1294 o.
1107 1240 1146 1295 de

138 1319 236 1373 sacrif.
265 1318 371 1372 Missae
399 1331 462 1387 cap.
494 1317 519 1371 i.
562 1317 660 1386 quue
681 1323 793 1372 constat
823 1324 884 1372 tum
911 1329 949 1370 ex
965 1321 1023 1384 eo,
1057 1319 1147 1390 quod
1172 1351 1173 1378 3

137 1397 270 1453 Ecclesia
290 1397 397 1452 Missae
425 1397 601 1452 sacrificium
627 1411 680 1466 pro
708 1395 809 1452 eadem
838 1411 869 1450 re
896 1397 1010 1466 saepius
1040 1399 1143 1465 iterat,

137 1484 173 1532 ut
192 1477 261 1532 satis
284 1477 467 1530 mauiiestur'n
482 1482 525 1530 cst
545 1491 582 1530 eu
602 1475 663 1546 ejus
678 1477 774 1546 praxi,
795 1475 873 1530 unde
894 1477 1033 1547 sequitur,
1056 1478 1145 1548 quod
1172 1523 1173 1528 ,

137 1553 282 1610 induxum
303 1555 445 1610 actualem
473 1555 556 1610 illius
580 1555 695 1610 linitum
723 1569 784 1609 esse
805 1553 935 1625 judicet,
964 1558 1143 1612 tumetium

140 1649 177 1689 ex
205 1649 253 1700 eo,
286 1634 365 1704 quod
392 1633 576 1688 Eucharistie
607 1649 665 1688 non
693 1637 732 1690 sit
759 1633 875 1705 majoris
903 1635 1078 1692 efficientiae
1109 1637 1144 1692 in

137 1707 251 1768 'ratione
272 1713 418 1780 sacrificii,
441 1727 526 1784 quam
547 1715 578 1766 in
599 1715 710 1769 ratione
733 1713 930 1782 Sacramenti3
963 1715 1046 1786 atqui
1066 1715 1145 1772 licet

138 1791 171 1846 id
198 1793 311 1847 ratione
333 1793 512 1848 sacramenti
538 1793 579 1849 'sit
603 1793 713 1848 induiti
740 1794 849 1848 valoris
878 1803 906 1848 et
933 1793 1144 1864 excellentiae,

138 1885 198 1928 nou
220 1873 279 1926 nisi
298 1871 437 1926 limitatos
459 1879 553 1929 tannen
567 1872 704 1943 producit
726 1873 861 1941 effeetus3
892 1877 959 1945 ergo
980 1891 997 1927 a
1015 1875 1086 1944 pari
1111 1877 1144 1929 iu

137 1952 251 2006 ratione
272 1951 410 2006 sacrificii
430 1964 488 2006 oou
509 1953 567 2006 nisi
588 1953 684 2006 tinitos
705 1949 853 2024 producet.

139 2047 143 2057 ¹
201 2030 262 2085 Hoc
281 2031 502 2101 praesupposito
516 2046 569 2101 pro
584 2032 761 2102 quaestionis
776 2033 941 2103 propositae
959 2033 1143 2088 resolutione

138 2109 296 2165 dicendum
320 2110 344 2164 i.
368 2111 484 2182 quaudo
504 2112 602 2182 plures
629 2120 696 2165 sunt
716 2112 823 2167 Missae
850 2111 1023 2168 suarideiurn
1049 2113 1144 2168 simul

138 2189 304 2256 offerentes,
330 2198 398 2245 tunc
419 2190 496 2246 illud
517 2207 574 2247 non
596 2192 692 2244 minus
712 2191 850 2262 prodesse
871 2191 995 2262 siugulis
1015 2205 1071 2260 pro
1096 2209 1143 2246 ra-

138 2269 218 2325 tione
238 2268 440 2340 dispositionis
461 2270 600 2342 cujusque
620 2271 748 2337 illorum,
774 2273 861 2340 quam
882 2271 907 2324 si
927 2285 1002 2324 uuus
1023 2279 1143 2327 tanturn

136 2353 214 2402 ussat
240 2349 380 2404 offerens:
410 2365 456 2404 ¹ea.
486 2364 527 2420 gr.
540 2357 542 2362 ’
557 2348 674 2420 quaudo
703 2350 786 2404 rnulti
812 2349 918 2407 Missae
946 2349 1144 2406 celebrationi

135 2427 266 2498 ¹adstant,
288 2429 421 2498 illudque
447 2445 512 2494 cuna
535 2429 687 2484 Sacerdote
715 2429 850 2495 oderunt,
879 2437 989 2484 tantum
1010 2429 1142 2502 singulis

137 2505 257 2580 prodest
273 2508 354 2562 illud
382 2508 571 2576 sscrideiurn,
601 2515 740 2578 quantum
755 2509 791 2564 <si
815 2511 889 2564 unus
918 2508 1005 2564 solus*
1019 2509 1143 2564 adesset

137 2593 168 2644 ei
188 2589 309 2642 offerret.
345 2587 389 2640 lta
404 2586 597 2642 Cordubensis
619 2587 672 2640 lib.
697 2587 721 2641 i.
744 2589 954 2658 quaestionarii
974 2597 1084 2658 quaest.
1111 2589 1139 2646 3.

138 2667 218 2736 opin.
242 2669 269 2721 5.
292 2665 419 2725 conclus.
442 2663 476 2719 3.·
492 2665 543 2720 ubi
559 2666 640 2727 dicit,
662 2667 738 2722 hene
759 2677 1015 2722 essecommunem
1030 2668 1142 2724 Docto-

137 2759 201 2799 rum
221 2745 402 2810 sententiam,
424 2751 454 2799 et
471 2761 526 2814 pro
546 2746 602 2800 illa
614 2746 757 2815 plurimos
777 2747 857 2812 citat,
881 2747 988 2816 quibus
1010 2747 1141 2804 subscri-

137 2821 184 2876 ltit
204 2823 378 2878 lsambertus
408 2824 445 2877 ad
474 2834 583 2896 quaest.
604 2825 652 2880 83.
683 2825 758 2895 disp.
782 2825 808 2879 t.
831 2833 883 2879 art.
905 2826 933 2882 8.
976 2825 1065 2881 Ratio
1087 2835 1140 2894 esi,

134 2901 209 2972 ’quia
237 2902 275 2956 ad
301 2903 574 2973 multiplicationem
603 2905 760 2960 oblationis
788 2906 851 2976 ejus
880 2918 996 2978 quoque
1024 2907 1139 2960 fruetus

135 2981 368 3050 multiplicator:
402 2985 483 3055 atqui
504 2985 621 3056 quando
635 2985 734 3054 plures
756 2985 871 3040 adstant
890 2985 1041 3040 Sacerdoti
1064 2987 1140 3040 ccle-

138 3057 253 3129 b'runti‚
282 3071 433 3124 censentur
458 3078 523 3118 cum
544 3065 597 3120 illo
618 3065 766 3120 moraliter
786 3065 874 3119 simul
894 3067 1009 3132 oller-te,
1038 3067 1141 3134 proin-

134 3137 231 3214 utaque
253 3148 295 3198 tot
314 3150 382 3198 sunt
402 3143 577 3210 oblationes,
593 3158 594 3169 ¹
608 3151 681 3214 quot·
698 3151 764 3198 sunt
785 3145 943 3199 offerentes.
984 3143 1072 3200 Unde
1094 3160 1140 3199 se·

137 3221 246 3292 quitur,
263 3223 341 3293 quod
352 3224 526 3278 sacrificium
537 3223 614 3278 illud
625 3230 735 3278 tantum
743 3223 867 3295 singulis
878 3224 980 3292 prosit,
996 3231 1141 3298 quantum

136 3301 189 3354 uui
210 3302 373 3370 prodesset,
402 3303 428 3355 si
456 3301 534 3357 solus
562 3303 692 3370 oderret3
728 3303 786 3358 imo
809 3303 834 3357 si
855 3310 1000 3372 spectetur
1025 3305 1138 3358 fructus

137 3379 259 3447 Missua,
287 3387 375 3449 prout
394 3381 555 3450 ,respondet
586 3398 644 3438 non
672 3388 782 3438 unium
812 3384 892 3451 operi
923 3389 1055 3453 operato,
1084 3383 1139 3438 sed

135 3457 223 3512 ctiam
243 3461 325 3528 operi
345 3463 508 3530 operantis,
535 3478 592 3533 quo
612 3476 747 3518 numerus
769 3461 945 3518 adstantium
966 3469 1009 3517 est
1030 3461 1137 3534 major,

137 3536 224 3592 etiam
246 3538 354 3595 iruetus
376 3540 430 3596 ille
451 3541 597 3612 eopiosior
617 3547 678 3609 est3
709 3548 771 3598 tum
792 3543 861 3614 quia
882 3543 956 3598 sieut
976 3541 1069 3614 major
1091 3550 1140 3598 est
