2384 3868
437 201 475 244 D!
496 201 652 248 amianti.

44 331 191 394 parentes,
222 323 275 392 qui
304 321 341 376 ab
368 323 470 376 inanes
498 336 598 376 causas
626 327 654 378 et
673 337 763 377 sanos
786 321 926 396 quosdam
948 339 1043 396 respe-

43 411 104 458 ctus
132 415 187 473 per
214 403 315 471 plures
343 400 403 456 dies
432 399 518 472 hujus
547 403 722 456 sacramenti
754 401 885 460 subsidio
917 405 1043 463 iniantea

42 485 176 554 privant,
207 495 316 552 eosque
343 479 533 536 beatitudinis
560 489 692 536 aeternae
715 482 889 538 amittendae
910 485 1042 554 periculo

42 580 79 619 ex
101 569 203 618 onunt.

80 579 153 696 pIdst
175 647 275 695 sutem
297 638 525 708 observandum,
554 639 648 712 qnod,
676 635 963 710 quomunculam,
993 645 1045 717 qui

44 722 107 775 dcte
126 721 312 790 Baptismum
335 719 455 788 recipit,
477 718 509 773 id
531 728 574 772 est
594 719 657 774 sine
677 719 750 774 Fide
771 727 820 774 aut
840 722 903 775 sine
917 723 979 776 aiio
994 723 1045 778 do·

42 801 102 856 iore
123 799 161 854 dc
180 801 330 870 peccatis,
352 799 545 853 characterem
567 798 684 868 quidem
705 800 804 867 iliius,
826 815 884 856 uon
899 817 969 857 vero
982 817 1046 876 gra·

43 881 113 935 tiam
140 879 286 950 recipiat3
314 879 339 932 si
368 887 463 932 tamen
484 884 584 952 postes
604 879 749 934 dationem
770 879 853 934 iliam
873 895 926 951 per
945 881 1045 952 poeni·

46 959 162 1013 tentiam
188 965 358 1024 removeat,
388 963 456 1013 tana
484 957 649 1028 Baptismus
674 973 787 1014 omnem
807 960 938 1016 edoctum
960 976 1044 1020 suum

50 1045 253 1109 consequetur,
275 1045 309 1091 ut
331 1037 414 1092 docet
436 1039 463 1092 S.
480 1037 582 1092 Thous.
605 1045 656 1092 art.
672 1035 691 1091 9
705 1045 732 1092 et
756 1037 800 1092 ta.
824 1047 851 1093 et
871 1048 937 1098 ante
958 1041 1045 1097 illum

51 1117 143 1172 docuit
162 1119 190 1172 S.
210 1117 380 1187 Cyprianus
401 1127 483 1171 seru.
507 1115 543 1170 do
557 1115 736 1172 Pass.=Dom.
757 1118 846 1186 panio
867 1126 933 1174 ante
946 1121 1042 1189 duem,

48 1204 76 1251 et
94 1199 119 1252 d.
134 1198 322 1269 Augustinus
343 1197 396 1250 lib.
415 1195 441 1250 1.
464 1195 500 1250 dc
520 1197 603 1268 Bapt.
627 1203 702 1250 cont.
725 1197 828 1250 Donat.
850 1211 915 1268 cap.
933 1197 979 1252 12.
1035 1227 1037 1232 ·

102 1277 130 1332 3.
173 1277 327 1344 Quaerunt
346 1277 396 1330 hic
418 1275 575 1346 Theologi,
598 1291 633 1328 an
656 1275 861 1344 circumcisio,
883 1290 956 1349 quac
974 1279 1046 1334 oiim

49 1356 122 1426 apud
141 1356 291 1426 populum
312 1355 468 1411 Judsicum
491 1355 632 1410 divinitus
653 1356 786 1410 instituta
806 1356 915 1424 iuerat,
943 1371 1046 1426 pecca·

49 1443 136 1490 torum
158 1435 362 1490 remissionem
384 1443 412 1489 et
434 1437 555 1506 gratiam
575 1435 803 1490 sanctificantem
824 1450 862 1490 ex
876 1451 962 1507 opere
978 1435 1046 1508 ope·

47 1522 105 1569 rata
125 1515 298 1570 contulerit.
1058 1514 1061 1525 '

100 1593 312 1664 Respondeant
331 1595 465 1666 negative
485 1607 549 1648 cum
571 1594 599 1648 S.
615 1595 738 1648 Doctore
760 1601 869 1664 quaest.
881 1593 930 1650 to.
951 1602 1003 1652 art.
1015 1593 1044 1652 d.

46 1675 80 1729 iit
101 1682 218 1730 constat
239 1686 277 1728 ex
290 1671 409 1728 ‘Condi
432 1671 556 1728 Floreat.
576 1672 608 1726 in
630 1670 745 1728 decreto
765 1671 906 1745 Engouii,
928 1675 980 1730 ubi
1002 1673 1048 1730 di-

45 1755 135 1824 citur,
165 1753 349 1808 Sacramenta
376 1754 443 1823 lepis
467 1753 595 1823 autiquae
615 1769 669 1806 aaa
689 1769 815 1808 cassasse
835 1755 969 1824 praticae,
998 1755 1047 1810 sed

45 1851 104 1888 earu
123 1835 212 1888 aalma
228 1848 283 1904 per
303 1833 461 1887 Passionem
483 1831 585 1886 cuasa
606 1833 724 1888 dandam
736 1834 884 1903 fipsaasse.

105 1913 249 1982 Quamvis
271 1919 366 1968 antem
387 1927 440 1983 per
458 1909 713 1967 circumcisionem
735 1927 792 1967 nou
814 1915 989 1969 conterretur
1009 1919 1057 1969 en

44 2007 131 2062 opere
153 1997 274 2062 operato
295 1991 388 2063 gratia
408 1999 437 2046 ot
457 1991 587 2047 remissio
615 1999 816 2064 peccatorum
830 2021 832 2030 ι
846 1993 1047 2049 conserebatur

45 2079 141 2127 umen
164 2087 254 2142 opere
276 2072 437 2142 operantis3
466 2073 497 2125 in
523 2071 632 2126 adultis
655 2067 772 2144 quidem
793 2087 845 2142 per
865 2077 960 2127 actum
981 2087 1046 2142 per·

44 2153 136 2207 fectae
169 2151 371 2219 contritionis,
404 2165 461 2222 quo
492 2150 556 2204 solo
581 2149 739 2224 justificari
768 2164 853 2222 passo
883 2158 1048 2222 peccatores

46 2239 127 2286 cntra
150 2232 337 2286 Sacramenta
357 2245 451 2286 novae
471 2231 545 2302 logis
566 2231 757 2303 supponimus
771 2245 808 2286 ex
822 2230 956 2286 dicendis
969 2232 1048 2286 inira

46 2326 107 2381 cap.
124 2312 155 2366 5.
199 2310 233 2362 In
254 2311 387 2379 parvulis
409 2317 504 2364 autem
524 2325 577 2380 per
596 2310 823 2379 applicationem
843 2309 924 2364 Fidei
945 2327 1050 2380 peren·

47 2399 106 2444 tum
127 2391 177 2444 vei
201 2390 342 2456 aliorum,
366 2388 448 2462 cujus
470 2385 586 2459 quidem
607 2389 688 2444 Fidei
709 2391 822 2461 siguum
844 2396 905 2444 erat
920 2389 1050 2444 Circum-

47 2471 138 2540 cisio;
160 2468 253 2539 idque
274 2471 305 2522 in
326 2469 432 2524 virtute
453 2469 565 2523 flaturae
579 2470 730 2539 'passionis
752 2470 845 2540 ipsius
867 2468 975 2524 Christi
992 2467 1050 2524 Do·

46 2551 129 2603 mini.
182 2548 225 2602 At
256 2563 324 2602 vcro
356 2556 421 2603 ante
453 2549 665 2604 institutionem
698 2547 934 2604 circumcisionis
966 2547 1051 2604 docet

46 2629 126 2683 idem
149 2629 177 2682 S.
195 2627 322 2685 Romus
342 2629 373 2684 in
395 2643 469 2698 resp.
492 2628 530 2682 sd
551 2627 579 2680 2.
596 2629 741 2698 probabile
761 2645 833 2693 esse,
856 2630 928 2700 qaod
942 2645 1050 2699 parea-

48 2718 87 2762 tea
98 2709 203 2778 fideles
218 2723 274 2776 pro
290 2709 416 2778 paruulis
434 2710 522 2774 meis,
552 2717 578 2761 et
605 2709 718 2761 manime
744 2709 771 2760 ia
790 2709 910 2778 parietate
932 2709 1049 2762 eeistea-

48 2789 136 2853 tibus,
166 2788 277 2856 aliquas
301 2803 398 2857 preces
417 2787 477 2841 Dea
491 2788 655 2858 suaderent,
684 2788 728 2840 uel
746 2789 865 2858 aliquam
885 2787 1051 2843 benedictio-

52 2885 111 2920 nem
137 2869 178 2921 eis
208 2867 367 2921 audiamus
394 2866 483 2938 (quod
509 2875 569 2920 erat
595 2868 731 2937 quoddam
749 2868 917 2936 eunomium
935 2869 1051 2938 sidem

50 2949 119 3000 sicat
147 2947 238 3002 adulti
258 2963 315 3016 pra
341 2963 370 3000 se
397 2947 465 3015 ι’ρεὲε
486 2963 584 3018 preces
605 2955 630 3000 et
650 2947 786 3017 sacrificia
806 2947 968 3017 offerebant,
993 2963 1050 3018 qua

51 3024 161 3083 ratione
184 3041 223 3080 cx
243 3026 366 3095 speciali
381 3025 436 3079 Dei
457 3025 657 3081 misericordia
676 3027 767 3081 virtus
781 3027 925 3096 passionis
940 3027 1051 3082 Christi

50 3106 123 3175 ipsis
153 3105 289 3176 parvulis
322 3099 544 3176 applicabatur,
583 3107 681 3176 sicque
716 3121 733 3159 a
762 3109 882 3175 peccata
913 3105 1051 3178 originali

51 3183 300 3251 emundabantur,
329 3184 408 3256 quod
436 3191 464 3239 st
491 3185 626 3239 similiter
645 3192 710 3254 post
732 3185 985 3240 circumcisionem
1006 3185 1051 3238 in·

53 3265 198 3334 stitutam,
219 3272 250 3320 et
272 3264 308 3319 de
328 3263 477 3329 foeminis,
500 3279 574 3335 quae
594 3265 677 3320 iliius
697 3279 819 3336 capaces
837 3278 895 3319 uon
910 3271 1000 3331 crant,
1023 3269 1052 3318 et

55 3344 88 3399 dc
109 3345 240 3400 maribus
261 3349 327 3399 aute
349 3352 481 3400 ootavum
511 3343 588 3398 diem
618 3342 687 3414 (qno
716 3351 827 3398 tantum
855 3357 902 3398 eos
930 3345 1052 3399 circum

55 3423 146 3482 cidere
167 3425 286 3481 licitum
307 3423 382 3498 erat)
404 3421 611 3480 decedentibus
632 3423 692 3477 dici
714 3422 809 3479 debet.
