2356 3870
622 23 625 32 ,
679 1 717 24 Γ

156 131 223 200 itii
447 107 860 196 aa‘ueotwetnnnneneeta

158 271 315 344 prationem
344 283 399 338 pro
427 269 501 335 ¹viii,
532 265 604 339 poti
635 285 774 340 gemmam
803 285 871 342 pro·
887 263 1037 343 tmgenenio
1050 270 1124 338 nitet,

157 363 251 406 emere
273 349 310 404 ab
331 345 409 416 alio,
432 350 483 418 qni
497 347 567 420 'eJ‘na
589 349 718 404 valorem
741 351 868 421 ignoret3
898 363 980 404 aeona
998 351 1022 404 ai
1040 351 1125 404 iu'ali·

158 444 217 504 qua
237 430 419 502 regionem
441 427 525 498 parvi
546 429 748 497 aestimentur,
777 435 851 500 quae
880 438 971 484 tamen
993 429 1060 484 aiibi
1076 445 1126 484 een·

155 518 290 570 eereutun
310 507 550 579 pretioeiaaimae,
572 513 643 578 puta
663 510 851 580 margaritae,
866 525 1003 581 ‘gemmae
1022 518 1065 563 eut
1080 510 1124 562 alia

158 589 190 644 iti
212 589 344 661 generis,
375 603 449 657 qnae
470 587 681 656 utplurimum
710 589 741 640 in
770 584 864 644 Intiiie
892 590 1014 643 coalita
1038 587 1122 641 diuitis

161 667 328 741 regionibus
349 681 403 737 pro
424 667 563 734 cultellis,
585 667 793 722 tintinnabulis
808 675 838 723 et
851 669 918 723 aliia
932 663 1066 723 eimiiibue
1077 683 1122 722 cre·

159 749 281 821 pundiie
303 745 383 801 licite
404 753 613 818 permutantur.

219 827 247 882 2.
289 823 422 880 Seennda
442 825 572 881 conditio
594 824 793 896 adjustitiam
815 828 972 897 emptionis
998 835 1026 881 et
1049 824 1120 880 venii·

160 908 249 963 tinnis
269 919 307 959 ex
326 915 422 959 mento
434 907 471 959 'S.
488 906 621 962 Dneturie
648 908 815 962 neoeeearia
841 913 907 973 est,¹
927 916 961 962 ut
988 923 1040 962 rea·
1052 919 1122 974 neque

158 988 253 1044 ennius
276 984 426 1053 vendatur,
449 999 542 1055 neque
564 986 653 1039 viline
674 993 793 1053 ematur,
817 1001 903 1057 quaen
923 987 1006 1042 illiue
1026 987 1123 1058 pretinm

159 1067 266 1138 exigat.
309 1065 365 1119 Pro
394 1064 479 1136 euJ'ua
505 1065 704 1134 intelligentia·
724 1065 926 1127 obeevandnm
955 1076 1012 1132 eat,
1040 1065 1125 1135 duplex

160 1161 222 1200 eane
239 1141 352 1215 junium
372 1146 497 1216 pretium
514 1143 652 1216 aiicujus·
665 1145 717 1200 rei.
758 1146 958 1214 Primumeat,
980 1146 1125 1216 quotann-

157 1232 260 1281 teatate
281 1223 405 1293 publiea
426 1232 554 1280 taxatum
576 1233 634 1291 eat,
664 1231 693 1278 et
713 1234 833 1280 voeatnr
848 1241 871 1278 a
891 1225 1059 1280 Ductoribus
1079 1237 1125 1294 pre·

158 1306 232 1360 tium
253 1305 431 1375 legitimum,
458 1304 551 1374 quani·
566 1303 629 1374 lego
650 1303 816 1362 deitnitnm:
849 1312 878 1358 et
898 1305 978 1359 iilud
998 1319 1089 1376 augere
1103 1304 1124 1354 in

158 1383 328 1452 vendendo,
356 1392 406 1438 ant
433 1385 561 1440 minuere
588 1385 617 1436 in
640 1383 761 1437 emendo
783 1401 839 1438 non
862 1385 941 1440 lieet.
993 1383 1124 1441 Seonndnn

159 1473 202 1521 eet
223 1463 315 1529 illud,
345 1462 425 1534 quod
452 1463 597 1520 communi
622 1459 772 1520 hominum
799 1465 1000 1521 aestimatione
1021 1461 1125 1518 deterui-

98 1561 101 1567 ’
128 1553 132 1559 “
157 1551 253 1612 natur,
276 1542 394 1614 quando
414 1559 431 1596 a
450 1542 572 1612 publiea
590 1549 734 1610 potestate
753 1545 873 1604 minime
894 1552 1025 1600 taxatum
1044 1551 1091 1608 est,
1107 1549 1124 1592 et

157 1625 284 1694 pretinm
306 1623 424 1691 vulgare
445 1637 495 1675 eeu
517 1635 667 1676 commune
689 1621 812 1690 dieitur,
838 1622 987 1694 habetque
1008 1622 1122 1694 quondan

155 1701 361 1765 iatitndiuem3
393 1713 458 1753 oum
486 1701 564 1754 enim
584 1712 629 1754 ex
649 1701 841 1768 plurimorum
863 1704 1059 1759 aestimatione
1075 1714 1122 1770 pen·

158 1779 234 1856 deat,
257 1779 386 1851 quinon
408 1779 508 1833 eodem
530 1781 616 1836 modo
639 1781 674 1834 tie
695 1794 789 1836 retum
810 1783 906 1838 naione
916 1782 1059 1854 judicant,
1076 1781 1121 1833 tino

153 1861 207 1927 ut,
236 1857 316 1930 quod
343 1859 439 1928 ntiqui
466 1875 492 1911 v.
509 1877 542 1931 vg.
564 1861 663 1914 tleoem
681 1862 810 1916 nummis
838 1863 934 1916 velere
966 1864 1120 1926 arbitrantur,
1144 1863 1145 1914 t

157 1938 237 2010 qnod
265 1940 319 1994 alii
348 1939 501 2005 undecim,
539 1940 593 1994 alii
619 1953 688 1994 vero
714 1948 959 1999 tantumv‘novem
988 1943 1120 1998 aestiment:

156 2019 235 2074 unde
257 2034 274 2072 a
296 2019 469 2076 Deuteribua
482 2020 546 2074 *hoe
559 2021 698 2091 uulgare·
714 2029 743 2074 et
769 2019 920 2077 eommune
948 2023 1068 2092 pretium
1088 2017 1119 2072 ni·
1143 2073 1144 2078 ,

156 2100 228 2171 pient
249 2115 309 2154 ease
330 2099 453 2166 dieitur,
482 2099 615 2156 inimum
642 2100 771 2168 aeitieet,
799 2100 926 2158 medium
950 2109 980 2156 et
1000 2113 1119 2161 numnnn,

106 2209 110 2216 ,
149 2180 346 2250 ‘quotietiam
368 2179 528 2250 rigoroenm
549 2179 724 2236 nominatur.
772 2181 911 2247 Quamvis
930 2190 1030 2236 autem
1047 2181 1120 2234 inen-

155 2259 256 2313 teriori
277 2260 341 2313 furo
361 2260 437 2314 ectio
457 2259 578 2312 minime
599 2259 683 2314 detur
703 2261 744 2326 ei,
771 2261 824 2330 qui
844 2259 967 2316 emendo
989 2261 1073 2316 uarius
1088 2254 1121 2308 ul

155 2337 308 2392 vendendo
338 2338 428 2392 vilius
460 2351 517 2392 non
549 2343 592 2392 est
623 2337 759 2408 deeeptus
776 2335 865 2396 'nitra
897 2340 1050 2398 dimidium
1069 2334 1143 2408 jottit

154 2418 258 2488 pretii.
280 2417 312 2470 itt
334 2419 396 2472 toro
419 2425 512 2472 tamen
534 2419 731 2472 uouaoientiee
752 2421 846 2474 omnia
868 2421 1014 2488 venditio,
1038 2421 1119 2485 inqu

153 2493 227 2568 justi
242 2498 335 2566 'pretii
356 2496 481 2550 latitudo
509 2497 673 2564 exceditur,
703 2499 731 2552 et
758 2499 864 2554 omnis*
880 2501 1007 2570 emptio,
1032 2501 1118 2564 inqu
1141 2549 1142 2570 ,

152 2575 229 2648 justi
249 2578 338 2646 pretii
360 2576 505 2646 quantitas
526 2590 584 2630 non
601 2578 769 2649 attingitur,
792 2577 902 2650 injuste
924 2589 970 2636 est
986 2587 1014 2634 et
1030 2577 1116 2632 divinae
1141 2581 1142 2605 ¹

155 2656 216 2727 legi
243 2657 397 2711 contraria.
447 2657 490 2710 ito
518 2657 544 2710 S.
567 2657 692 2710 Thomas
720 2657 823 2712 aeti
852 2657 936 2713 edi.
968 2667 996 2714 et
1015 2660 1075 2714 inec
1091 2657 1118 2706 eet

157 2736 244 2790 etiam
273 2751 410 2806 exprome
436 2735 615 2828 doctrinas.
632 2739 790 2826 Augustini
810 2738 863 2792 lib
882 2733 1118 2794 tamennon

112 2825 115 2834 ’
157 2827 221 2883 nep
240 2813 273 2868 ³.

217 2892 244 2946 3.
288 2894 360 2947 Sunt
380 2901 476 2948 tamen
497 2893 572 2949 duee
592 2909 705 2964 enneae,
727 2895 764 2950 ob
786 2910 858 2966 quaa
880 2897 994 2954 linitum
1015 2903 1059 2960 eat,
1075 2903 1117 2945 rw

155 2972 250 3046 pinnis
273 2971 432 3054 aliqnando
453 2973 588 3040 vendere,
611 2989 697 3046 quam
718 2989 771 3046 per
790 2992 821 3030 ae
842 2975 947 3032 voleat.
989 2976 1076 3032 Prima
1089 2975 1116 3023 eti

155 3051 269 3109 ratione
289 3040 389 3108 oitioii
415 3053 580 3108 mercandi:
609 3056 776 3110 mercatori
788 3055 933 3126 siqnidem
954 3069 1055 3112 meroes
1072 3061 1114 3104 stit

154 3133 244 3204 paulo
265 3133 360 3202 pluria
382 3131 507 3187 vendere
527 3134 641 3192 linitum
662 3144 726 3200 oet,
735 3150 823 3206 quam
844 3136 881 3189 ab
902 3137 969 3190 attia
990 3131 1116 3190 venderen-

153 3223 210 3279 tue,
229 3213 286 3282 qui
306 3225 378 3266 nou
386 3227 423 3265 ex
443 3213 549 3280 officio,
572 3213 622 3268 sed
641 3229 680 3267 ex
701 3214 852 3269 ooeasione
874 3213 987 3286 aliqnid
1008 3210 1116 3267 vendunt

153 3290 200 3344 Ite
219 3293 347 3346 Jonnnes
369 3291 502 3358 Medion,
533 3291 692 3384 Cajetouuex
708 3301 736 3347 et
756 3293 810 3347 alii
831 3294 911 3364 apud
933 3296 1054 3350 Lennium
1070 3300 1116 3352 wi·
1138 3281 1139 3293 ¹

156 3381 225 3436 oap
236 3366 283 3423 et.
307 3371 376 3424 dub.
391 3371 418 3424 4.
461 3371 546 3426 Ratio
568 3379 619 3438 ost,
642 3373 711 3444 quia
731 3374 825 3443 pretio
843 3375 944 3444 aliquo
964 3365 1116 3428 aestimabile

156 3454 298 3517 oeneetur,
321 3449 406 3518 quoti
420 3457 561 3504 mereator
575 3466 657 3505 curae
667 3461 699 3506 et
714 3453 902 3524 cogitationes
915 3469 989 3518 enat,
1010 3467 1041 3506 ac
1053 3457 1115 3502 omne

157 3523 272 3588 tempus
293 3538 376 3580 auum
396 3529 428 3580 in
449 3529 594 3584 meneibne
615 3531 677 3585 iilia
693 3533 920 3604 uunquireudit,
942 3523 1117 3588 conservandi!
